Key Stats
Filtered By Location: Coffee Shop
Sales,68561
Avg. Gross Sale,$8.47
Gross Sales,"$581,039.65"
Total Collected,"$674,016.96"

Sales Summary
Filtered By Interval: Daily
Filtered By Location: Coffee Shop
Sales,01/01/2024,01/02/2024,01/03/2024,01/04/2024,01/05/2024,01/06/2024,01/07/2024,01/08/2024,01/09/2024,01/10/2024,01/11/2024,01/12/2024,01/13/2024,01/14/2024,01/15/2024,01/16/2024,01/17/2024,01/18/2024,01/19/2024,01/20/2024,01/21/2024,01/22/2024,01/23/2024,01/24/2024,01/25/2024,01/26/2024,01/27/2024,01/28/2024,01/29/2024,01/30/2024,01/31/2024,02/01/2024,02/02/2024,02/03/2024,02/04/2024,02/05/2024,02/06/2024,02/07/2024,02/08/2024,02/09/2024,02/10/2024,02/11/2024,02/12/2024,02/13/2024,02/14/2024,02/15/2024,02/16/2024,02/17/2024,02/18/2024,02/19/2024,02/20/2024,02/21/2024,02/22/2024,02/23/2024,02/24/2024,02/25/2024,02/26/2024,02/27/2024,02/28/2024,02/29/2024,03/01/2024,03/02/2024,03/03/2024,03/04/2024,03/05/2024,03/06/2024,03/07/2024,03/08/2024,03/09/2024,03/10/2024,03/11/2024,03/12/2024,03/13/2024,03/14/2024,03/15/2024,03/16/2024,03/17/2024,03/18/2024,03/19/2024,03/20/2024,03/21/2024,03/22/2024,03/23/2024,03/24/2024,03/25/2024,03/26/2024,03/27/2024,03/28/2024,03/29/2024,03/30/2024,03/31/2024,04/01/2024,04/02/2024,04/03/2024,04/04/2024,04/05/2024,04/06/2024,04/07/2024,04/08/2024,04/09/2024,04/10/2024,04/11/2024,04/12/2024,04/13/2024,04/14/2024,04/15/2024,04/16/2024,04/17/2024,04/18/2024,04/19/2024,04/20/2024,04/21/2024,04/22/2024,04/23/2024,04/24/2024,04/25/2024,04/26/2024,04/27/2024,04/28/2024,04/29/2024,04/30/2024,05/01/2024,05/02/2024,05/03/2024,05/04/2024,05/05/2024,05/06/2024,05/07/2024,05/08/2024,05/09/2024,05/10/2024,05/11/2024,05/12/2024,05/13/2024,05/14/2024,05/15/2024,05/16/2024,05/17/2024,05/18/2024,05/19/2024,05/20/2024,05/21/2024,05/22/2024,05/23/2024,05/24/2024,05/25/2024,05/26/2024,05/27/2024,05/28/2024,05/29/2024,05/30/2024,05/31/2024,06/01/2024,06/02/2024,06/03/2024,06/04/2024,06/05/2024,06/06/2024,06/07/2024,06/08/2024,06/09/2024,06/10/2024,06/11/2024,06/12/2024,06/13/2024,06/14/2024,06/15/2024,06/16/2024,06/17/2024,06/18/2024,06/19/2024,06/20/2024,06/21/2024,06/22/2024,06/23/2024,06/24/2024,06/25/2024,06/26/2024,06/27/2024,06/28/2024,06/29/2024,06/30/2024,07/01/2024,07/02/2024,07/03/2024,07/04/2024,07/05/2024,07/06/2024,07/07/2024,07/08/2024,07/09/2024,07/10/2024,07/11/2024,07/12/2024,07/13/2024,07/14/2024,07/15/2024,07/16/2024,07/17/2024,07/18/2024,07/19/2024,07/20/2024,07/21/2024,07/22/2024,07/23/2024,07/24/2024,07/25/2024,07/26/2024,07/27/2024,07/28/2024,07/29/2024,07/30/2024,07/31/2024,08/01/2024,08/02/2024,08/03/2024,08/04/2024,08/05/2024,08/06/2024,08/07/2024,08/08/2024,08/09/2024,08/10/2024,08/11/2024,08/12/2024,08/13/2024,08/14/2024,08/15/2024,08/16/2024,08/17/2024,08/18/2024,08/19/2024,08/20/2024,08/21/2024,08/22/2024,08/23/2024,08/24/2024,08/25/2024,08/26/2024,08/27/2024,08/28/2024,08/29/2024,08/30/2024,08/31/2024,09/01/2024,09/02/2024,09/03/2024,09/04/2024,09/05/2024,09/06/2024,09/07/2024,09/08/2024,09/09/2024,09/10/2024,09/11/2024,09/12/2024,09/13/2024,09/14/2024,09/15/2024,09/16/2024,09/17/2024,09/18/2024,09/19/2024,09/20/2024,09/21/2024,09/22/2024,09/23/2024,09/24/2024,09/25/2024,09/26/2024,09/27/2024,09/28/2024,09/29/2024,09/30/2024,10/01/2024,10/02/2024,10/03/2024,10/04/2024,10/05/2024,10/06/2024,10/07/2024,10/08/2024,10/09/2024,10/10/2024,10/11/2024,10/12/2024,10/13/2024,10/14/2024,10/15/2024,10/16/2024,10/17/2024,10/18/2024,10/19/2024,10/20/2024,10/21/2024,10/22/2024,10/23/2024,10/24/2024,10/25/2024,10/26/2024,10/27/2024,10/28/2024,10/29/2024,10/30/2024,10/31/2024,11/01/2024,11/02/2024,11/03/2024,11/04/2024,11/05/2024,11/06/2024,11/07/2024,11/08/2024,11/09/2024,11/10/2024,11/11/2024,11/12/2024,11/13/2024,11/14/2024,11/15/2024,11/16/2024,11/17/2024,11/18/2024,11/19/2024,11/20/2024,11/21/2024,11/22/2024,11/23/2024,11/24/2024,11/25/2024,11/26/2024,11/27/2024,11/28/2024,11/29/2024,11/30/2024,12/01/2024,12/02/2024,12/03/2024,12/04/2024,12/05/2024,12/06/2024,12/07/2024,12/08/2024,12/09/2024,12/10/2024,12/11/2024,12/12/2024,12/13/2024,12/14/2024,12/15/2024,12/16/2024,12/17/2024,12/18/2024,12/19/2024,12/20/2024,12/21/2024,12/22/2024,12/23/2024,12/24/2024,12/25/2024,12/26/2024,12/27/2024,12/28/2024,12/29/2024,12/30/2024,12/31/2024,01/01/2025
Gross Sales,$0.00,$4.53,$0.00,$0.00,$0.00,$0.00,$0.00,$0.00,$0.00,$0.00,$27.00,$0.00,$0.00,$0.00,$0.00,$0.00,$6.54,$0.00,$0.00,$0.00,$0.00,$0.00,$0.00,"$1,372.35","$1,811.35","$1,643.69","$1,821.92","$1,787.59","$2,127.84","$2,571.31","$3,041.56","$1,879.52","$1,947.67","$2,391.05","$2,136.08","$1,740.03","$1,416.29","$1,660.37","$1,552.31","$2,350.95","$2,302.07","$2,117.65","$1,467.16","$1,683.06","$2,062.48","$1,909.31","$1,588.18","$2,006.17","$2,095.00","$1,727.03","$2,145.71","$1,779.62","$1,714.73","$2,130.74","$2,223.42","$2,306.98","$1,606.16","$1,753.81","$1,849.45","$2,084.39","$1,879.85","$2,861.91","$3,323.26","$1,977.77","$1,866.46","$2,193.85","$2,321.30","$1,182.07","$1,028.81",$622.68,$657.51,$596.07,$514.05,$556.95,$757.39,$845.28,"$1,052.00","$1,639.86","$1,825.66","$1,943.97","$2,276.12","$2,397.31","$2,463.41","$2,387.76","$2,309.66","$1,917.05","$2,054.49","$2,406.01","$2,311.76","$2,193.05","$2,131.73","$1,977.89","$2,048.91","$1,904.37","$1,844.26","$2,270.17","$2,810.57","$2,230.33","$2,075.26","$2,420.29","$2,085.08","$2,353.05","$2,584.86","$4,576.73","$3,817.53","$2,170.67","$2,427.53","$2,443.60","$2,121.49","$2,176.24","$3,114.82","$2,582.43","$2,336.12","$1,518.87","$2,291.04","$2,312.57","$2,041.50","$2,802.90","$2,567.94","$3,050.76","$2,661.89","$2,770.55","$2,527.23","$2,413.02","$2,794.46","$2,730.15","$2,493.39","$2,718.77","$2,308.70","$2,517.47","$3,433.80","$4,167.29","$4,017.25","$1,744.68","$1,290.69","$1,019.41",$804.28,$913.31,"$1,038.34",$863.16,$988.04,$718.01,$843.72,$731.72,$689.98,$755.50,$892.87,"$1,027.76",$873.25,$733.42,$772.32,$970.45,$616.82,$703.69,$767.60,$910.91,$622.73,$976.62,$864.72,$861.65,$935.83,$852.12,"$1,090.51",$942.92,$829.56,"$1,008.93",$754.69,$832.31,$817.34,"$1,059.17","$1,213.88","$1,047.66",$821.46,"$1,149.39",$829.48,"$1,214.33",$901.77,"$1,076.07",$922.15,"$1,038.28","$1,028.43","$1,068.99","$1,018.53",$852.67,$901.91,$757.33,"$1,173.87","$1,083.02","$1,095.67",$736.18,$717.88,"$1,015.93",$775.64,"$1,003.32","$1,118.28",$890.73,$895.77,$856.14,"$1,152.17","$1,085.73",$958.47,$856.46,"$1,064.54",$906.50,$806.96,"$1,090.69","$1,026.37","$1,685.49","$1,427.77","$1,104.15",$880.88,$829.25,"$1,092.02",$804.64,"$1,004.36",$797.34,$838.98,$459.26,$476.51,$528.31,$505.26,$618.45,$511.03,$680.32,$658.68,$0.00,$804.71,$594.96,"$1,045.00","$1,101.25","$1,574.81","$1,538.06","$1,583.23","$1,890.16","$2,427.92","$2,098.55","$2,807.56","$2,681.27","$2,608.09","$2,043.38","$1,947.45","$2,159.79","$2,469.79","$2,523.80","$2,516.64","$2,540.61","$1,985.11","$1,910.95","$2,158.71","$2,489.31","$2,969.06","$2,667.26","$2,091.47","$2,111.51","$2,276.29","$2,304.26","$2,144.38","$2,520.00","$3,110.75","$2,008.94","$1,887.73","$2,404.14","$2,115.67","$2,245.00","$2,476.58","$2,385.41","$1,945.12","$1,855.40","$2,031.33","$2,408.70","$1,945.58","$2,657.81","$2,425.73",$892.48,$0.00,$0.00,$0.00,"$2,373.63","$2,631.99","$2,839.59","$2,463.68","$2,513.01","$4,308.34","$2,141.68","$2,618.57","$2,511.28","$3,403.94","$1,960.54","$1,988.13","$2,158.80","$2,337.76","$2,463.57","$2,640.37","$2,842.63","$2,172.46","$2,157.91","$2,027.32","$2,337.40","$2,516.81","$3,412.11","$2,915.99","$2,017.61","$2,172.70","$1,993.40","$2,121.95","$2,342.70","$3,537.82","$2,603.98","$1,505.11","$1,861.08","$2,374.95","$2,389.41","$2,248.27","$2,150.39","$2,702.05","$2,141.69","$1,876.97","$2,403.55","$1,901.25","$2,293.66","$2,435.34","$2,231.08","$1,811.63","$2,098.64","$2,342.68","$1,994.79","$1,946.06","$1,011.73",$895.23,$755.79,$641.02,$555.62,$588.83,$396.41,$472.60,$655.02,"$1,261.58","$1,509.02","$1,809.66","$1,885.23","$1,953.02","$1,930.56","$2,341.81","$1,871.82","$2,048.55","$1,668.76","$2,924.18","$1,862.39","$1,935.99","$2,174.48","$1,855.42","$2,082.13","$1,115.24","$1,060.69",$757.83,$862.74,$514.07,$0.00,$0.00,$0.00,$0.00,$0.00,$0.00,$0.00,$0.00,$0.00,$0.00
Items,$0.00,$4.53,$0.00,$0.00,$0.00,$0.00,$0.00,$0.00,$0.00,$0.00,$27.00,$0.00,$0.00,$0.00,$0.00,$0.00,$6.54,$0.00,$0.00,$0.00,$0.00,$0.00,$0.00,"$1,372.35","$1,811.35","$1,643.69","$1,821.92","$1,787.59","$2,127.84","$2,571.31","$3,041.56","$1,879.52","$1,947.67","$2,391.05","$2,136.08","$1,740.03","$1,416.29","$1,660.37","$1,552.31","$2,350.95","$2,302.07","$2,117.65","$1,467.16","$1,683.06","$2,062.48","$1,909.31","$1,588.18","$2,006.17","$2,095.00","$1,727.03","$2,145.71","$1,779.62","$1,714.73","$2,130.74","$2,223.42","$2,306.98","$1,606.16","$1,753.81","$1,849.45","$2,084.39","$1,879.85","$2,861.91","$3,323.26","$1,977.77","$1,866.46","$2,193.85","$2,321.30","$1,182.07","$1,028.81",$622.68,$657.51,$596.07,$514.05,$556.95,$757.39,$845.28,"$1,052.00","$1,639.86","$1,825.66","$1,943.97","$2,276.12","$2,397.31","$2,463.41","$2,387.76","$2,309.66","$1,917.05","$2,054.49","$2,406.01","$2,311.76","$2,193.05","$2,131.73","$1,977.89","$2,048.91","$1,904.37","$1,844.26","$2,270.17","$2,810.57","$2,230.33","$2,075.26","$2,420.29","$2,085.08","$2,353.05","$2,584.86","$4,576.73","$3,817.53","$2,170.67","$2,427.53","$2,443.60","$2,121.49","$2,176.24","$3,114.82","$2,582.43","$2,336.12","$1,518.87","$2,291.04","$2,312.57","$2,041.50","$2,802.90","$2,567.94","$3,050.76","$2,661.89","$2,770.55","$2,527.23","$2,413.02","$2,794.46","$2,730.15","$2,493.39","$2,718.77","$2,308.70","$2,517.47","$3,433.80","$4,167.29","$4,017.25","$1,744.68","$1,290.69","$1,019.41",$804.28,$913.31,"$1,038.34",$863.16,$988.04,$718.01,$843.72,$731.72,$689.98,$755.50,$892.87,"$1,027.76",$873.25,$733.42,$772.32,$970.45,$616.82,$703.69,$767.60,$910.91,$622.73,$976.62,$864.72,$861.65,$935.83,$852.12,"$1,090.51",$942.92,$829.56,"$1,008.93",$754.69,$832.31,$817.34,"$1,059.17","$1,213.88","$1,047.66",$821.46,"$1,149.39",$829.48,"$1,214.33",$901.77,"$1,076.07",$922.15,"$1,038.28","$1,028.43","$1,068.99","$1,018.53",$852.67,$901.91,$757.33,"$1,173.87","$1,083.02","$1,095.67",$736.18,$717.88,"$1,015.93",$775.64,"$1,003.32","$1,118.28",$890.73,$895.77,$856.14,"$1,152.17","$1,085.73",$958.47,$856.46,"$1,064.54",$906.50,$806.96,"$1,090.69","$1,026.37","$1,685.49","$1,427.77","$1,104.15",$880.88,$829.25,"$1,092.02",$804.64,"$1,004.36",$797.34,$838.98,$459.26,$476.51,$528.31,$505.26,$618.45,$511.03,$680.32,$658.68,$0.00,$804.71,$594.96,"$1,045.00","$1,101.25","$1,574.81","$1,538.06","$1,583.23","$1,890.16","$2,427.92","$2,098.55","$2,807.56","$2,681.27","$2,608.09","$2,043.38","$1,947.45","$2,159.79","$2,469.79","$2,523.80","$2,516.64","$2,540.61","$1,985.11","$1,910.95","$2,158.71","$2,489.31","$2,969.06","$2,667.26","$2,091.47","$2,111.51","$2,276.29","$2,304.26","$2,144.38","$2,520.00","$3,110.75","$2,008.94","$1,887.73","$2,404.14","$2,115.67","$2,245.00","$2,476.58","$2,385.41","$1,945.12","$1,855.40","$2,031.33","$2,408.70","$1,945.58","$2,657.81","$2,425.73",$892.48,$0.00,$0.00,$0.00,"$2,373.63","$2,631.99","$2,839.59","$2,463.68","$2,513.01","$4,308.34","$2,141.68","$2,618.57","$2,511.28","$3,403.94","$1,960.54","$1,988.13","$2,158.80","$2,337.76","$2,463.57","$2,640.37","$2,842.63","$2,172.46","$2,157.91","$2,027.32","$2,337.40","$2,516.81","$3,412.11","$2,915.99","$2,017.61","$2,172.70","$1,993.40","$2,121.95","$2,342.70","$3,537.82","$2,603.98","$1,505.11","$1,861.08","$2,374.95","$2,389.41","$2,248.27","$2,150.39","$2,702.05","$2,141.69","$1,876.97","$2,403.55","$1,901.25","$2,293.66","$2,435.34","$2,231.08","$1,811.63","$2,098.64","$2,342.68","$1,994.79","$1,946.06","$1,011.73",$895.23,$755.79,$641.02,$555.62,$588.83,$396.41,$472.60,$655.02,"$1,261.58","$1,509.02","$1,809.66","$1,885.23","$1,953.02","$1,930.56","$2,341.81","$1,871.82","$2,048.55","$1,668.76","$2,924.18","$1,862.39","$1,935.99","$2,174.48","$1,855.42","$2,082.13","$1,115.24","$1,060.69",$757.83,$862.74,$514.07,$0.00,$0.00,$0.00,$0.00,$0.00,$0.00,$0.00,$0.00,$0.00,$0.00
Service Charges,$0.00,$0.00,$0.00,$0.00,$0.00,$0.00,$0.00,$0.00,$0.00,$0.00,$0.00,$0.00,$0.00,$0.00,$0.00,$0.00,$0.00,$0.00,$0.00,$0.00,$0.00,$0.00,$0.00,$0.00,$0.00,$0.00,$0.00,$0.00,$0.00,$0.00,$0.00,$0.00,$0.00,$0.00,$0.00,$0.00,$0.00,$0.00,$0.00,$0.00,$0.00,$0.00,$0.00,$0.00,$0.00,$0.00,$0.00,$0.00,$0.00,$0.00,$0.00,$0.00,$0.00,$0.00,$0.00,$0.00,$0.00,$0.00,$0.00,$0.00,$0.00,$0.00,$0.00,$0.00,$0.00,$0.00,$0.00,$0.00,$0.00,$0.00,$0.00,$0.00,$0.00,$0.00,$0.00,$0.00,$0.00,$0.00,$0.00,$0.00,$0.00,$0.00,$0.00,$0.00,$0.00,$0.00,$0.00,$0.00,$0.00,$0.00,$0.00,$0.00,$0.00,$0.00,$0.00,$0.00,$0.00,$0.00,$0.00,$0.00,$0.00,$0.00,$0.00,$0.00,$0.00,$0.00,$0.00,$0.00,$0.00,$0.00,$0.00,$0.00,$0.00,$0.00,$0.00,$0.00,$0.00,$0.00,$0.00,$0.00,$0.00,$0.00,$0.00,$0.00,$0.00,$0.00,$0.00,$0.00,$0.00,$0.00,$0.00,$0.00,$0.00,$0.00,$0.00,$0.00,$0.00,$0.00,$0.00,$0.00,$0.00,$0.00,$0.00,$0.00,$0.00,$0.00,$0.00,$0.00,$0.00,$0.00,$0.00,$0.00,$0.00,$0.00,$0.00,$0.00,$0.00,$0.00,$0.00,$0.00,$0.00,$0.00,$0.00,$0.00,$0.00,$0.00,$0.00,$0.00,$0.00,$0.00,$0.00,$0.00,$0.00,$0.00,$0.00,$0.00,$0.00,$0.00,$0.00,$0.00,$0.00,$0.00,$0.00,$0.00,$0.00,$0.00,$0.00,$0.00,$0.00,$0.00,$0.00,$0.00,$0.00,$0.00,$0.00,$0.00,$0.00,$0.00,$0.00,$0.00,$0.00,$0.00,$0.00,$0.00,$0.00,$0.00,$0.00,$0.00,$0.00,$0.00,$0.00,$0.00,$0.00,$0.00,$0.00,$0.00,$0.00,$0.00,$0.00,$0.00,$0.00,$0.00,$0.00,$0.00,$0.00,$0.00,$0.00,$0.00,$0.00,$0.00,$0.00,$0.00,$0.00,$0.00,$0.00,$0.00,$0.00,$0.00,$0.00,$0.00,$0.00,$0.00,$0.00,$0.00,$0.00,$0.00,$0.00,$0.00,$0.00,$0.00,$0.00,$0.00,$0.00,$0.00,$0.00,$0.00,$0.00,$0.00,$0.00,$0.00,$0.00,$0.00,$0.00,$0.00,$0.00,$0.00,$0.00,$0.00,$0.00,$0.00,$0.00,$0.00,$0.00,$0.00,$0.00,$0.00,$0.00,$0.00,$0.00,$0.00,$0.00,$0.00,$0.00,$0.00,$0.00,$0.00,$0.00,$0.00,$0.00,$0.00,$0.00,$0.00,$0.00,$0.00,$0.00,$0.00,$0.00,$0.00,$0.00,$0.00,$0.00,$0.00,$0.00,$0.00,$0.00,$0.00,$0.00,$0.00,$0.00,$0.00,$0.00,$0.00,$0.00,$0.00,$0.00,$0.00,$0.00,$0.00,$0.00,$0.00,$0.00,$0.00,$0.00,$0.00,$0.00,$0.00,$0.00,$0.00,$0.00,$0.00,$0.00,$0.00,$0.00,$0.00,$0.00,$0.00,$0.00,$0.00,$0.00,$0.00,$0.00,$0.00,$0.00,$0.00,$0.00,$0.00,$0.00,$0.00,$0.00,$0.00,$0.00,$0.00,$0.00,$0.00,$0.00,$0.00,$0.00,$0.00,$0.00,$0.00,$0.00,$0.00,$0.00,$0.00,$0.00,$0.00,$0.00
Returns,$0.00,-$4.53,$0.00,$0.00,$0.00,$0.00,$0.00,$0.00,$0.00,$0.00,$0.00,$0.00,$0.00,$0.00,$0.00,$0.00,-$6.54,$0.00,$0.00,$0.00,$0.00,$0.00,$0.00,-$6.50,$0.00,$0.00,$0.00,$0.00,-$6.00,$0.00,$0.00,-$24.26,$0.00,$0.00,$0.00,$0.00,$0.00,$0.00,$0.00,$0.00,-$6.04,-$13.30,$0.00,$0.00,$0.00,$0.00,$0.00,$0.00,$0.00,$0.00,$0.00,$0.00,$0.00,-$4.60,-$5.25,-$3.90,$0.00,$0.00,$0.00,$0.00,-$8.60,$0.00,$0.00,$0.00,$0.00,$0.00,$0.00,$0.00,$0.00,-$7.00,$0.00,$0.00,$0.00,$0.00,$0.00,$0.00,$0.00,$0.00,$0.00,$0.00,$0.00,$0.00,$0.00,$0.00,$0.00,$0.00,-$5.90,-$21.60,-$12.65,-$2.42,$0.00,$0.00,-$3.90,$0.00,$0.00,-$6.30,-$8.75,-$24.30,$0.00,-$4.39,-$6.75,$0.00,$0.00,$0.00,-$4.63,-$5.80,-$3.40,$0.00,$0.00,$0.00,$0.00,$0.00,$0.00,$0.00,-$24.30,-$9.30,$0.00,-$6.60,-$7.50,$0.00,-$14.18,-$4.60,-$26.10,$0.00,$0.00,$0.00,-$5.30,-$3.40,$0.00,-$6.60,$0.00,-$6.60,$0.00,$0.00,$0.00,$0.00,$0.00,$0.00,$0.00,$0.00,-$24.00,$0.00,$0.00,$0.00,$0.00,$0.00,$0.00,$0.00,$0.00,$0.00,$0.00,$0.00,$0.00,$0.00,$0.00,$0.00,$0.00,$0.00,$0.00,$0.00,$0.00,-$4.60,$0.00,$0.00,$0.00,-$6.00,$0.00,$0.00,$0.00,$0.00,$0.00,-$5.30,-$5.20,$0.00,$0.00,$0.00,$0.00,-$5.13,$0.00,$0.00,$0.00,$0.00,$0.00,-$6.60,$0.00,$0.00,-$4.63,$0.00,$0.00,$0.00,$0.00,-$8.75,$0.00,$0.00,$0.00,$0.00,-$3.75,-$6.00,$0.00,-$8.15,$0.00,$0.00,-$6.00,-$7.00,$0.00,$0.00,$0.00,$0.00,$0.00,$0.00,$0.00,$0.00,$0.00,$0.00,$0.00,$0.00,$0.00,$0.00,$0.00,$0.00,$0.00,$0.00,$0.00,$0.00,$0.00,$0.00,$0.00,$0.00,-$9.90,$0.00,-$10.40,-$3.40,$0.00,$0.00,$0.00,$0.00,-$6.60,-$6.50,$0.00,-$7.75,$0.00,$0.00,-$7.00,$0.00,-$6.60,-$3.60,-$11.30,$0.00,-$6.50,$0.00,$0.00,$0.00,$0.00,$0.00,-$6.00,$0.00,$0.00,$0.00,$0.00,$0.00,$0.00,$0.00,-$6.60,$0.00,$0.00,$0.00,$0.00,$0.00,$0.00,$0.00,$0.00,-$3.60,$0.00,$0.00,$0.00,$0.00,$0.00,$0.00,-$6.90,-$16.95,$0.00,-$7.10,$0.00,$0.00,$0.00,$0.00,$0.00,$0.00,$0.00,$0.00,-$14.60,$0.00,$0.00,$0.00,$0.00,$0.00,$0.00,-$33.30,-$6.50,$0.00,$0.00,$0.00,-$7.75,$0.00,-$14.20,$0.00,$0.00,$0.00,$0.00,$0.00,$0.00,$0.00,$0.00,-$5.30,$0.00,-$11.40,$0.00,$0.00,-$6.00,$0.00,$0.00,$0.00,$0.00,-$7.00,-$7.50,-$16.93,$0.00,$0.00,-$5.30,$0.00,$0.00,$0.00,$0.00,$0.00,$0.00,$0.00,$0.00,$0.00,-$12.90,$0.00,$0.00,$0.00,$0.00,$0.00,$0.00,$0.00,$0.00,$0.00,$0.00,-$6.35,$0.00,$0.00,$0.00,$0.00,$0.00,$0.00,$0.00,$0.00,$0.00,$0.00,$0.00,$0.00,$0.00,$0.00,$0.00,$0.00,$0.00
Discounts & Comps,$0.00,$0.00,$0.00,$0.00,$0.00,$0.00,$0.00,$0.00,$0.00,$0.00,-$13.50,$0.00,$0.00,$0.00,$0.00,$0.00,$0.00,$0.00,$0.00,$0.00,$0.00,$0.00,$0.00,-$58.13,-$105.47,-$35.63,-$16.06,-$37.70,-$514.69,-$657.07,-$971.85,-$99.70,-$102.00,-$86.42,-$45.00,-$53.61,-$34.65,-$52.80,-$42.50,-$60.92,-$36.41,-$42.97,-$47.35,-$71.13,-$63.44,-$49.16,-$36.40,-$39.52,-$33.94,-$50.50,-$61.18,-$52.14,-$37.30,-$82.02,-$35.92,-$80.76,-$31.75,-$43.95,-$66.71,-$49.15,-$62.53,-$25.99,-$65.80,-$80.11,-$50.73,-$55.49,-$89.37,-$36.17,-$45.67,-$14.02,-$22.90,-$11.43,-$6.00,-$12.95,-$14.27,-$9.36,-$12.10,-$51.60,-$99.52,-$67.15,-$259.90,-$85.12,-$54.24,-$43.25,-$65.37,-$27.52,-$62.88,-$70.00,-$94.95,-$41.91,-$56.50,-$80.00,-$86.09,-$49.65,-$61.44,-$58.29,-$72.55,-$53.53,-$55.05,-$60.48,-$39.20,-$81.20,-$61.20,-$67.22,-$86.83,-$94.97,-$63.64,-$52.78,-$53.48,-$98.77,-$25.22,-$64.25,-$58.51,-$38.37,-$99.24,-$67.31,-$52.21,-$93.84,-$58.40,-$89.23,-$76.35,-$91.93,-$74.69,-$87.95,-$75.71,-$65.78,-$79.65,-$76.75,-$111.90,-$85.15,-$84.59,-$70.38,-$75.55,-$46.12,-$23.93,-$43.58,-$29.60,-$35.00,-$15.46,-$10.60,-$9.35,-$8.60,-$3.20,-$23.50,-$26.81,-$5.37,-$20.50,-$41.92,-$26.50,-$16.01,-$17.87,-$26.80,-$11.90,-$8.90,-$31.80,-$10.20,-$11.80,-$21.30,$0.00,-$17.00,-$21.90,-$13.73,-$41.00,-$33.44,-$46.90,-$12.40,-$10.93,-$9.70,-$18.42,-$50.05,-$79.17,-$28.97,-$33.73,-$35.52,-$34.79,-$71.31,-$27.78,-$8.26,-$35.30,-$18.03,-$21.35,-$23.02,-$21.20,-$47.38,-$33.34,-$29.00,-$25.60,-$23.05,-$25.51,-$43.11,-$5.30,-$46.12,-$36.15,-$31.21,-$40.62,-$16.82,-$12.88,-$34.23,-$38.58,-$31.85,-$45.28,-$9.30,-$18.12,-$37.58,-$8.75,-$22.71,-$32.34,-$34.08,-$25.20,-$27.75,-$40.21,-$34.21,-$10.80,-$30.30,-$2.00,-$11.80,-$14.04,-$9.60,-$11.42,-$3.30,-$9.90,-$47.24,-$6.69,-$7.60,-$18.32,$0.00,-$16.62,-$20.88,-$23.64,-$10.83,-$9.53,-$25.40,-$10.66,-$28.55,-$35.63,-$18.34,-$33.73,-$38.86,-$107.48,-$80.05,-$91.40,-$71.42,-$38.70,-$37.17,-$61.98,-$41.78,-$63.35,-$85.13,-$40.77,-$64.81,-$52.84,-$14.55,-$53.08,-$72.86,-$41.99,-$72.13,-$55.80,-$39.18,-$61.60,-$99.18,-$103.81,-$45.85,-$82.22,-$48.70,-$46.26,-$43.57,-$56.39,-$68.05,-$77.44,-$68.29,-$61.67,-$27.72,-$58.24,-$36.70,$0.00,$0.00,$0.00,-$65.47,-$81.91,-$104.57,-$147.39,-$94.53,-$897.54,-$20.00,-$85.89,-$37.68,-$92.10,-$97.80,-$81.03,-$62.35,-$95.57,-$81.21,-$20.03,-$56.01,-$50.73,-$47.83,-$83.94,-$101.97,-$158.32,-$106.42,-$51.35,-$104.55,-$119.56,-$116.00,-$121.32,-$106.20,-$80.58,-$57.35,-$59.45,-$88.64,-$155.22,-$144.94,-$99.42,-$49.03,-$86.98,-$76.37,-$66.76,-$88.65,-$66.68,-$107.88,-$47.22,-$76.45,-$73.25,-$65.94,-$83.40,-$92.12,-$99.27,-$15.45,-$30.59,-$20.35,-$33.55,-$5.00,-$31.70,-$3.64,-$11.30,-$6.25,-$69.86,-$90.98,-$63.72,-$72.78,-$90.95,-$80.03,-$114.01,-$120.92,-$59.36,-$52.06,-$153.05,-$122.04,-$80.28,-$164.88,-$156.78,-$180.66,-$92.90,-$71.50,-$50.87,-$80.19,-$73.98,$0.00,$0.00,$0.00,$0.00,$0.00,$0.00,$0.00,$0.00,$0.00,$0.00
Net Sales,$0.00,$0.00,$0.00,$0.00,$0.00,$0.00,$0.00,$0.00,$0.00,$0.00,$13.50,$0.00,$0.00,$0.00,$0.00,$0.00,$0.00,$0.00,$0.00,$0.00,$0.00,$0.00,$0.00,"$1,307.72","$1,705.88","$1,608.06","$1,805.86","$1,749.89","$1,607.15","$1,914.24","$2,069.71","$1,755.56","$1,845.67","$2,304.63","$2,091.08","$1,686.42","$1,381.64","$1,607.57","$1,509.81","$2,290.03","$2,259.62","$2,061.38","$1,419.81","$1,611.93","$1,999.04","$1,860.15","$1,551.78","$1,966.65","$2,061.06","$1,676.53","$2,084.53","$1,727.48","$1,677.43","$2,044.12","$2,182.25","$2,222.32","$1,574.41","$1,709.86","$1,782.74","$2,035.24","$1,808.72","$2,835.92","$3,257.46","$1,897.66","$1,815.73","$2,138.36","$2,231.93","$1,145.90",$983.14,$601.66,$634.61,$584.64,$508.05,$544.00,$743.12,$835.92,"$1,039.90","$1,588.26","$1,726.14","$1,876.82","$2,016.22","$2,312.19","$2,409.17","$2,344.51","$2,244.29","$1,889.53","$1,985.71","$2,314.41","$2,204.16","$2,148.72","$2,075.23","$1,897.89","$1,958.92","$1,854.72","$1,782.82","$2,205.58","$2,729.27","$2,152.50","$2,020.21","$2,355.42","$2,039.13","$2,271.85","$2,523.66","$4,509.51","$3,726.07","$2,069.90","$2,360.49","$2,390.82","$2,068.01","$2,077.47","$3,089.60","$2,518.18","$2,277.61","$1,480.50","$2,167.50","$2,235.96","$1,989.29","$2,702.46","$2,502.04","$2,961.53","$2,571.36","$2,674.02","$2,426.44","$2,325.07","$2,718.75","$2,664.37","$2,408.44","$2,638.62","$2,196.80","$2,425.72","$3,349.21","$4,090.31","$3,941.70","$1,698.56","$1,266.76",$975.83,$774.68,$878.31,"$1,022.88",$852.56,$954.69,$709.41,$840.52,$708.22,$663.17,$750.13,$872.37,$985.84,$846.75,$717.41,$754.45,$943.65,$604.92,$694.79,$735.80,$900.71,$610.93,$955.32,$864.72,$844.65,$913.93,$833.79,"$1,049.51",$909.48,$782.66,$990.53,$743.76,$822.61,$798.92,"$1,009.12","$1,134.71","$1,013.39",$782.53,"$1,113.87",$794.69,"$1,143.02",$873.99,"$1,062.68",$886.85,"$1,020.25","$1,007.08","$1,045.97",$997.33,$798.69,$868.57,$728.33,"$1,143.64","$1,059.97","$1,070.16",$693.07,$712.58,$961.06,$739.49,$972.11,"$1,077.66",$873.91,$879.14,$815.91,"$1,113.59","$1,045.73",$913.19,$847.16,"$1,040.42",$861.92,$798.21,"$1,067.98",$994.03,"$1,651.41","$1,402.57","$1,076.40",$840.67,$795.04,"$1,081.22",$774.34,"$1,002.36",$785.54,$824.94,$449.66,$465.09,$525.01,$495.36,$571.21,$504.34,$672.72,$640.36,$0.00,$788.09,$574.08,"$1,011.46","$1,090.42","$1,554.88","$1,509.26","$1,572.57","$1,861.61","$2,392.29","$2,080.21","$2,767.23","$2,635.91","$2,500.61","$1,955.58","$1,856.05","$2,088.37","$2,424.09","$2,486.63","$2,448.06","$2,495.23","$1,910.46","$1,825.82","$2,111.44","$2,424.50","$2,916.22","$2,652.71","$2,038.39","$2,038.65","$2,228.30","$2,232.13","$2,088.58","$2,480.82","$3,049.15","$1,909.76","$1,783.92","$2,358.29","$2,026.85","$2,196.30","$2,430.32","$2,341.84","$1,888.73","$1,787.35","$1,953.89","$2,340.41","$1,883.91","$2,626.49","$2,367.49",$855.78,$0.00,$0.00,$0.00,"$2,308.16","$2,543.18","$2,718.07","$2,316.29","$2,411.38","$3,410.80","$2,121.68","$2,532.68","$2,473.60","$3,311.84","$1,862.74","$1,907.10","$2,096.45","$2,227.59","$2,382.36","$2,620.34","$2,786.62","$2,121.73","$2,110.08","$1,943.38","$2,202.13","$2,351.99","$3,305.69","$2,864.64","$1,913.06","$2,045.39","$1,877.40","$1,986.43","$2,236.50","$3,457.24","$2,546.63","$1,445.66","$1,772.44","$2,219.73","$2,244.47","$2,148.85","$2,096.06","$2,615.07","$2,053.92","$1,810.21","$2,314.90","$1,828.57","$2,185.78","$2,388.12","$2,154.63","$1,738.38","$2,025.70","$2,251.78","$1,885.74","$1,846.79",$996.28,$859.34,$735.44,$607.47,$550.62,$557.13,$392.77,$461.30,$648.77,"$1,191.72","$1,418.04","$1,733.04","$1,812.45","$1,862.07","$1,850.53","$2,227.80","$1,750.90","$1,989.19","$1,616.70","$2,771.13","$1,740.35","$1,855.71","$2,003.25","$1,698.64","$1,901.47","$1,022.34",$989.19,$706.96,$782.55,$440.09,$0.00,$0.00,$0.00,$0.00,$0.00,$0.00,$0.00,$0.00,$0.00,$0.00
Gift Card Sales,$0.00,$0.00,$0.00,$0.00,$0.00,$0.00,$0.00,$0.00,$0.00,$0.00,$50.00,$0.00,$0.00,$0.00,$0.00,$50.00,$0.00,$0.00,$0.00,$0.00,$0.00,$50.00,$0.00,$15.00,$0.00,$55.00,$0.00,$0.00,$0.00,$20.00,$65.00,$10.54,$0.00,$80.00,$0.00,$0.00,$0.00,$50.00,$200.00,$60.00,$35.00,$50.00,$10.00,$25.00,$135.00,$0.00,$0.00,$0.00,$0.00,$0.00,$0.00,$0.00,$0.00,$0.00,$30.00,$40.00,$0.00,$0.00,$0.00,$0.00,$0.00,$20.00,$10.00,$20.00,$0.00,$30.00,$20.00,$15.00,$0.00,$0.00,$0.00,$0.00,$0.00,$0.00,$60.00,$0.00,$0.00,$0.00,$20.00,$0.00,$20.00,$45.00,$0.00,$0.00,$20.00,$25.00,$20.00,$25.00,$50.00,$65.00,$40.00,$0.00,$135.00,$0.00,$25.00,$30.00,$10.00,$0.00,$0.00,$25.00,$30.00,$0.00,$35.00,$135.00,$100.00,$10.00,$25.00,$0.00,$0.00,$0.00,$0.00,$20.00,$0.00,$0.00,$10.00,$0.00,$15.00,$0.00,$50.00,$40.00,$25.00,$0.00,$0.00,$35.00,$0.00,$0.00,$0.00,$70.00,$0.00,$70.00,$50.00,$0.00,$45.00,$0.00,$0.00,$15.00,$100.00,$0.00,$150.00,$0.00,$0.00,$200.00,$75.00,$0.00,$0.00,$0.00,$0.00,$0.00,$0.00,$0.00,$50.00,$0.00,$0.00,$0.00,$0.00,$0.00,$0.00,$0.00,$0.00,$0.00,$25.00,$15.00,$25.00,$0.00,$0.00,$0.00,$0.00,$0.00,$0.00,$0.00,$0.00,$0.00,$0.00,$121.00,$0.00,$0.00,$0.00,$0.00,$0.00,$0.00,$0.00,$0.00,$0.00,$0.00,$0.00,$0.00,$0.00,$0.00,$0.00,$0.00,$0.00,$0.00,$75.00,$0.00,$5.00,$0.00,$0.00,$0.00,$0.00,$25.00,$0.00,$30.00,$0.00,$0.00,$0.00,$0.00,$0.00,$50.00,$20.00,$0.00,$0.00,$0.00,$60.00,$0.00,$110.00,$30.00,$0.00,$0.00,$0.00,$0.00,$0.00,$0.00,$25.00,$0.00,$20.00,$0.00,$0.00,$30.00,$75.00,$80.00,$45.00,$330.00,$25.00,$95.00,$100.00,$325.00,$65.00,$150.00,$55.00,$0.00,$275.00,$45.00,$75.00,$0.00,$150.91,$0.00,$50.00,$105.93,$0.00,$25.00,$60.00,$0.00,$35.00,$0.00,$0.00,$10.00,$50.00,$25.00,$70.00,$285.00,$0.00,$25.00,$25.00,$25.00,$0.00,$0.00,$25.00,$100.00,$0.00,$0.00,$25.00,$100.00,$210.00,$100.00,$0.00,$0.00,$0.00,$25.00,$0.00,$0.00,$100.00,$50.00,$0.00,$125.00,$35.00,$150.00,$25.00,$25.00,$50.00,$75.00,$0.00,$75.49,$153.35,$25.00,$0.00,$0.00,$100.00,$0.00,$0.00,$0.00,$0.00,$25.00,$55.00,$15.00,$45.00,$30.00,$0.00,$35.00,$0.00,$0.00,$25.00,$45.00,$0.00,$0.00,$25.00,$150.00,$25.00,$40.00,$0.00,$113.00,$50.00,$25.00,$5.00,$30.00,$0.00,$165.00,$100.00,$60.00,$75.00,$0.00,$0.00,$0.00,$0.00,$0.00,$0.00,$15.00,$115.00,$0.00,$30.00,$75.00,$15.00,$0.00,$130.00,$125.00,$100.00,$0.00,$40.00,$60.00,$75.00,$0.00,$170.00,$0.00,$65.00,$75.00,$0.00,$105.00,$75.00,$65.00,$0.00,$50.00,$25.00,$0.00,$0.00,$30.00,$0.00,$0.00,$0.00
Tax,$0.00,$0.00,$0.00,$0.00,$0.00,$0.00,$0.00,$0.00,$0.00,$0.00,$1.56,$0.00,$0.00,$0.00,$0.00,$0.00,$0.00,$0.00,$0.00,$0.00,$0.00,$0.00,$0.00,$150.33,$196.11,$184.02,$207.59,$201.07,$184.70,$220.01,$237.92,$201.79,$212.18,$264.94,$240.37,$193.82,$158.79,$184.76,$173.53,$263.05,$259.72,$236.99,$163.16,$184.41,$229.64,$196.47,$178.12,$226.04,$236.78,$192.77,$205.23,$198.57,$190.46,$234.83,$250.83,$255.32,$180.94,$196.55,$193.49,$233.95,$207.87,$326.12,$374.57,$218.27,$208.65,$245.78,$256.60,$131.69,$113.03,$69.10,$72.94,$67.21,$58.35,$59.39,$85.47,$96.02,$118.80,$182.47,$198.56,$215.73,$231.95,$236.99,$276.94,$269.56,$240.19,$217.30,$228.26,$266.19,$253.39,$247.11,$238.49,$218.18,$225.20,$193.45,$205.04,$253.48,$313.70,$247.43,$232.15,$270.78,$234.49,$261.11,$290.13,$518.36,$428.34,$237.90,$271.43,$229.57,$237.76,$238.93,$355.16,$289.42,$261.72,$170.18,$249.16,$257.08,$228.66,$310.61,$287.60,$248.53,$295.61,$281.95,$278.80,$267.51,$312.64,$306.32,$274.55,$290.08,$252.64,$272.49,$384.87,$470.24,$453.31,$195.28,$145.57,$112.15,$89.07,$100.94,$117.55,$97.98,$109.76,$81.50,$96.62,$81.41,$76.16,$86.20,$100.29,$113.46,$97.33,$80.52,$86.71,$108.41,$68.78,$79.81,$84.55,$103.39,$70.23,$109.84,$99.36,$97.00,$105.03,$95.81,$120.49,$103.82,$90.04,$113.80,$85.50,$94.56,$91.83,$115.94,$130.51,$116.49,$89.92,$128.03,$91.36,$90.64,$100.43,$121.32,$101.86,$117.23,$115.75,$120.27,$114.64,$91.80,$99.86,$83.77,$131.38,$121.88,$123.04,$79.67,$81.95,$110.45,$84.99,$111.25,$123.81,$100.47,$101.02,$93.00,$128.12,$120.21,$104.98,$97.33,$119.62,$99.07,$91.76,$122.70,$114.21,$111.05,$161.20,$123.77,$96.63,$91.37,$124.36,$89.03,$112.93,$90.30,$94.82,$51.68,$53.41,$60.35,$56.94,$65.66,$57.96,$77.34,$73.54,$0.00,$90.58,$66.01,$116.27,$125.36,$178.78,$173.35,$180.74,$213.95,$274.14,$239.02,$317.97,$302.86,$286.90,$224.69,$213.36,$239.94,$232.61,$285.80,$281.28,$286.11,$218.42,$209.08,$242.69,$278.53,$335.05,$304.83,$234.19,$234.19,$256.02,$256.54,$237.07,$276.75,$350.41,$219.43,$204.99,$258.15,$233.05,$248.79,$277.14,$268.76,$217.12,$203.82,$224.62,$268.95,$210.79,$301.80,$272.16,$98.36,$0.00,$0.00,$0.00,$265.33,$292.33,$312.46,$252.38,$274.05,$291.81,$242.63,$290.16,$284.29,$380.76,$214.07,$218.86,$241.06,$256.03,$273.81,$301.21,$320.14,$242.42,$241.86,$222.15,$253.17,$269.68,$380.06,$327.40,$219.88,$235.07,$213.31,$228.38,$257.06,$397.46,$292.31,$166.15,$159.30,$241.36,$257.90,$234.16,$240.85,$286.89,$236.03,$206.34,$221.49,$210.18,$237.27,$274.60,$247.66,$199.90,$233.02,$257.03,$215.48,$185.65,$114.49,$98.84,$84.48,$69.35,$63.28,$64.04,$45.11,$53.03,$74.55,$136.96,$163.04,$199.25,$208.29,$214.08,$212.76,$256.05,$201.34,$217.25,$185.75,$294.28,$199.94,$213.29,$230.31,$195.32,$218.71,$117.53,$113.73,$81.27,$89.96,$50.56,$0.00,$0.00,$0.00,$0.00,$0.00,$0.00,$0.00,$0.00,$0.00,$0.00
Tip,$0.00,$0.00,$0.00,$0.00,$0.00,$0.00,$0.00,$0.00,$0.00,$0.00,$0.00,$0.00,$0.00,$0.00,$0.00,$0.00,$0.00,$0.00,$0.00,$0.00,$0.00,$0.00,$0.00,$78.17,$108.22,$114.86,$153.54,$132.13,$122.90,$137.95,$164.00,$131.23,$134.65,$184.91,$142.93,$123.64,$95.85,$112.36,$109.72,$191.01,$182.50,$147.58,$95.16,$123.40,$125.84,$120.48,$86.22,$151.78,$102.60,$123.57,$111.36,$121.36,$113.11,$168.46,$208.11,$166.29,$111.06,$125.80,$123.07,$153.68,$121.45,$150.27,$205.48,$128.71,$124.38,$141.63,$168.85,$77.54,$73.14,$44.01,$59.19,$57.43,$50.35,$51.62,$71.15,$74.39,$99.09,$149.09,$130.97,$149.07,$160.26,$143.65,$187.06,$145.14,$147.52,$130.82,$132.53,$191.25,$154.41,$150.28,$124.93,$132.63,$146.76,$117.67,$234.78,$139.39,$198.72,$140.70,$109.43,$183.49,$143.00,$152.92,$188.42,$445.64,$250.44,$121.34,$141.84,$156.76,$154.54,$141.53,$238.64,$164.30,$133.55,$103.74,$132.80,$134.06,$131.98,$180.57,$173.04,$149.04,$226.07,$186.88,$163.46,$150.90,$161.59,$156.42,$157.55,$152.94,$149.87,$180.63,$218.10,$303.55,$351.53,$109.51,$92.23,$90.04,$71.66,$74.59,$101.39,$100.22,$78.11,$56.02,$79.55,$62.00,$55.14,$61.83,$63.27,$88.90,$62.32,$59.05,$64.53,$77.66,$48.27,$78.05,$67.10,$90.89,$50.29,$81.82,$80.61,$51.14,$83.62,$71.35,$96.03,$75.79,$51.51,$97.03,$81.40,$66.17,$84.28,$75.76,$99.05,$84.32,$69.65,$88.21,$65.52,$74.88,$81.61,$106.20,$64.08,$75.45,$91.14,$98.07,$80.99,$67.32,$91.87,$67.60,$91.20,$95.85,$112.18,$75.48,$65.56,$80.23,$60.65,$97.39,$58.97,$70.88,$76.26,$83.67,$96.94,$96.06,$93.71,$65.87,$92.63,$87.99,$73.78,$96.30,$81.65,$80.57,$115.74,$90.06,$62.17,$74.44,$95.72,$65.97,$105.55,$68.88,$87.95,$47.27,$44.30,$42.83,$44.52,$46.68,$51.85,$55.17,$68.45,$0.00,$69.54,$57.05,$72.89,$83.05,$120.25,$116.17,$124.44,$141.99,$176.66,$146.29,$194.52,$163.14,$164.80,$140.89,$109.74,$187.78,$237.40,$167.94,$164.35,$173.99,$142.99,$133.20,$125.17,$189.05,$210.95,$174.06,$133.04,$163.12,$157.82,$133.74,$147.67,$133.96,$183.83,$148.93,$107.36,$250.14,$145.13,$148.09,$176.99,$179.74,$92.04,$95.89,$122.25,$157.57,$114.85,$129.78,$160.05,$58.37,$0.00,$0.00,$0.00,$258.59,$165.89,$174.80,$167.33,$166.54,$171.11,$104.82,$164.43,$200.14,$209.00,$132.08,$109.58,$149.58,$155.51,$174.34,$239.08,$185.07,$144.07,$128.51,$123.02,$164.32,$164.50,$190.48,$177.10,$114.59,$116.86,$148.13,$145.34,$178.82,$321.06,$193.29,$98.95,$97.94,$134.79,$176.21,$140.12,$133.71,$160.05,$162.00,$111.42,$130.53,$141.81,$135.84,$145.94,$144.54,$104.39,$132.04,$152.68,$111.96,$105.99,$96.05,$76.28,$60.53,$42.04,$46.12,$53.89,$38.54,$43.29,$50.05,$77.13,$92.35,$129.34,$137.92,$198.27,$95.80,$126.13,$110.03,$91.80,$112.01,$282.51,$111.96,$105.32,$120.06,$92.47,$118.19,$76.30,$60.54,$54.85,$70.05,$33.46,$0.00,$0.00,$0.00,$0.00,$0.00,$0.00,$0.00,$0.00,$0.00,$0.00
Refunds by Amount,$0.00,$0.00,$0.00,$0.00,$0.00,$0.00,$0.00,$0.00,$0.00,$0.00,$0.00,$0.00,$0.00,$0.00,$0.00,$0.00,$0.00,$0.00,$0.00,$0.00,$0.00,$0.00,$0.00,$0.00,$0.00,$0.00,$0.00,$0.00,$0.00,$0.00,$0.00,$0.00,$0.00,$0.00,$0.00,$0.00,$0.00,$0.00,$0.00,$0.00,$0.00,$0.00,$0.00,$0.00,$0.00,$0.00,$0.00,$0.00,$0.00,-$3.12,$0.00,$0.00,$0.00,$0.00,$0.00,$0.00,$0.00,$0.00,$0.00,$0.00,$0.00,$0.00,$0.00,$0.00,$0.00,$0.00,$0.00,$0.00,$0.00,$0.00,$0.00,$0.00,$0.00,$0.00,$0.00,$0.00,$0.00,$0.00,$0.00,$0.00,$0.00,$0.00,$0.00,$0.00,$0.00,$0.00,$0.00,$0.00,$0.00,$0.00,$0.00,$0.00,$0.00,$0.00,$0.00,$0.00,$0.00,$0.00,$0.00,$0.00,$0.00,$0.00,$0.00,$0.00,$0.00,$0.00,$0.00,$0.00,$0.00,$0.00,$0.00,$0.00,$0.00,$0.00,$0.00,$0.00,$0.00,$0.00,$0.00,$0.00,$0.00,$0.00,$0.00,$0.00,$0.00,$0.00,$0.00,$0.00,$0.00,$0.00,$0.00,$0.00,-$2.50,$0.00,$0.00,$0.00,$0.00,$0.00,$0.00,$0.00,$0.00,$0.00,$0.00,$0.00,$0.00,$0.00,$0.00,$0.00,$0.00,$0.00,$0.00,$0.00,$0.00,$0.00,$0.00,$0.00,$0.00,$0.00,$0.00,$0.00,$0.00,$0.00,$0.00,$0.00,$0.00,$0.00,$0.00,$0.00,$0.00,$0.00,$0.00,$0.00,$0.00,$0.00,$0.00,$0.00,$0.00,$0.00,$0.00,$0.00,$0.00,$0.00,$0.00,$0.00,$0.00,$0.00,$0.00,$0.00,$0.00,$0.00,$0.00,$0.00,$0.00,-$3.50,$0.00,$0.00,$0.00,$0.00,$0.00,$0.00,$0.00,$0.00,$0.00,$0.00,$0.00,-$3.00,$0.00,$0.00,$0.00,$0.00,$0.00,$0.00,$0.00,$0.00,$0.00,$0.00,$0.00,$0.00,$0.00,$0.00,$0.00,$0.00,$0.00,$0.00,$0.00,$0.00,$0.00,-$3.00,$0.00,$0.00,$0.00,$0.00,$0.00,$0.00,$0.00,$0.00,$0.00,$0.00,-$2.00,$0.00,$0.00,$0.00,$0.00,$0.00,$0.00,$0.00,$0.00,$0.00,$0.00,$0.00,$0.00,$0.00,$0.00,$0.00,$0.00,$0.00,$0.00,$0.00,$0.00,$0.00,$0.00,$0.00,$0.00,$0.00,$0.00,$0.00,$0.00,$0.00,$0.00,$0.00,$0.00,$0.00,$0.00,$0.00,$0.00,$0.00,$0.00,$0.00,$0.00,$0.00,$0.00,$0.00,$0.00,$0.00,$0.00,$0.00,$0.00,$0.00,$0.00,$0.00,$0.00,$0.00,$0.00,$0.00,$0.00,$0.00,$0.00,$0.00,$0.00,$0.00,$0.00,$0.00,$0.00,$0.00,$0.00,$0.00,$0.00,$0.00,$0.00,$0.00,$0.00,$0.00,$0.00,$0.00,$0.00,$0.00,$0.00,-$387.44,$0.00,$0.00,$0.00,$0.00,$0.00,$0.00,$0.00,$0.00,$0.00,$0.00,$0.00,$0.00,$0.00,$0.00,$0.00,$0.00,$0.00,$0.00,$0.00,$0.00,$0.00,$0.00,$0.00,$0.00,$0.00,$0.00,$0.00,$0.00,$0.00,$0.00,$0.00,$0.00,$0.00,-$5.00,$0.00,$0.00,$0.00,$0.00,$0.00,$0.00,$0.00,$0.00,$0.00,$0.00,$0.00,$0.00,$0.00,$0.00,$0.00
Total,$0.00,$0.00,$0.00,$0.00,$0.00,$0.00,$0.00,$0.00,$0.00,$0.00,$65.06,$0.00,$0.00,$0.00,$0.00,$50.00,$0.00,$0.00,$0.00,$0.00,$0.00,$50.00,$0.00,"$1,551.22","$2,010.21","$1,961.94","$2,166.99","$2,083.09","$1,914.75","$2,292.20","$2,536.63","$2,099.12","$2,192.50","$2,834.48","$2,474.38","$2,003.88","$1,636.28","$1,954.69","$1,993.06","$2,804.09","$2,736.84","$2,495.95","$1,688.13","$1,944.74","$2,489.52","$2,177.10","$1,816.12","$2,344.47","$2,400.44","$1,989.75","$2,401.12","$2,047.41","$1,981.00","$2,447.41","$2,671.19","$2,683.93","$1,866.41","$2,032.21","$2,099.30","$2,422.87","$2,138.04","$3,332.31","$3,847.51","$2,264.64","$2,148.76","$2,555.77","$2,677.38","$1,370.13","$1,169.31",$714.77,$766.74,$709.28,$616.75,$655.01,$959.74,"$1,006.33","$1,257.79","$1,919.82","$2,075.67","$2,241.62","$2,428.43","$2,737.83","$2,873.17","$2,759.21","$2,652.00","$2,262.65","$2,366.50","$2,796.85","$2,661.96","$2,611.11","$2,478.65","$2,248.70","$2,465.88","$2,165.84","$2,247.64","$2,628.45","$3,251.69","$2,540.63","$2,361.79","$2,834.69","$2,446.62","$2,685.88","$3,037.21","$5,608.51","$4,504.85","$2,439.14","$2,798.76","$2,777.15","$2,460.31","$2,457.93","$3,683.40","$2,991.90","$2,672.88","$1,754.42","$2,559.46","$2,627.10","$2,364.93","$3,193.64","$3,012.68","$3,399.10","$3,118.04","$3,142.85","$2,868.70","$2,778.48","$3,192.98","$3,127.11","$2,840.54","$3,151.64","$2,599.31","$2,948.84","$4,002.18","$4,864.10","$4,789.04","$2,003.35","$1,504.56","$1,193.02","$1,035.41","$1,053.84","$1,391.82","$1,050.76","$1,142.56","$1,046.93","$1,091.69",$851.63,$794.47,$898.16,"$1,035.93","$1,188.20","$1,006.40",$856.98,$955.69,"$1,129.72",$721.97,$852.65,$887.45,"$1,094.99",$731.45,"$1,146.98","$1,044.69",$992.79,"$1,127.58","$1,015.95","$1,291.03","$1,089.09",$924.21,"$1,201.36",$910.66,$983.34,$975.03,"$1,200.82","$1,364.27","$1,214.20",$942.10,"$1,451.11",$951.57,"$1,308.54","$1,056.03","$1,290.20","$1,052.79","$1,212.93","$1,213.97","$1,264.31","$1,192.96",$957.81,"$1,060.30",$879.70,"$1,366.22","$1,277.70","$1,305.38",$848.22,$860.09,"$1,151.74",$960.13,"$1,177.25","$1,265.44","$1,045.26","$1,056.42",$992.58,"$1,338.65","$1,287.00","$1,111.88","$1,040.36","$1,252.67","$1,048.98",$963.75,"$1,283.98","$1,189.89","$1,893.03","$1,699.51","$1,290.23",$999.47,$960.85,"$1,361.30",$929.34,"$1,330.84",$974.72,"$1,007.71",$548.61,$562.80,$628.19,$596.82,$683.55,$639.15,$805.23,$802.35,$0.00,$948.21,$724.14,"$1,275.62","$1,378.83","$1,898.91","$2,128.78","$1,902.75","$2,312.55","$2,943.09","$2,790.52","$3,344.72","$3,251.91","$3,005.31","$2,321.16","$2,454.15","$2,561.09","$2,969.10","$2,940.37","$3,044.60","$2,955.33","$2,321.87","$2,274.03","$2,479.30","$2,917.08","$3,522.22","$3,131.60","$2,440.62","$2,435.96","$2,642.14","$2,632.41","$2,523.32","$2,916.53","$3,653.39","$2,563.12","$2,096.27","$2,891.58","$2,430.03","$2,618.18","$2,884.45","$2,790.34","$2,222.89","$2,187.06","$2,300.76","$2,766.93","$2,234.55","$3,158.07","$3,009.70","$1,112.51",$0.00,$0.00,$0.00,"$2,857.08","$3,001.40","$3,205.33","$2,836.00","$2,901.97","$3,873.72","$2,594.13","$3,022.27","$3,108.03","$3,926.60","$2,233.89","$2,285.54","$2,562.09","$2,639.13","$2,906.00","$3,313.98","$3,316.83","$2,508.22","$2,480.45","$2,388.55","$2,619.62","$2,786.17","$3,876.23","$3,369.14","$2,272.53","$2,452.32","$2,253.84","$2,405.15","$2,702.38","$4,175.76","$3,067.23","$1,710.76","$2,029.68","$2,620.88","$2,723.58","$2,523.13","$2,470.62","$3,087.01","$2,601.95","$2,152.97","$2,319.48","$2,180.56","$2,671.89","$2,858.66","$2,571.83","$2,047.67","$2,420.76","$2,661.49","$2,378.18","$2,238.43","$1,266.82","$1,109.46",$880.45,$718.86,$660.02,$675.06,$476.42,$557.62,$788.37,"$1,520.81","$1,673.43","$2,091.63","$2,233.66","$2,289.42","$2,159.09","$2,739.98","$2,187.27","$2,398.24","$1,914.46","$3,387.92","$2,112.25","$2,249.32","$2,353.62","$2,156.43","$2,233.37","$1,281.17","$1,238.46",$843.08,"$1,047.56",$599.11,$65.00,$0.00,$50.00,$25.00,$0.00,$0.00,$30.00,$0.00,$0.00,$0.00

Payments
Total Collected,$0.00,$0.00,$0.00,$0.00,$0.00,$0.00,$0.00,$0.00,$0.00,$0.00,$65.06,$0.00,$0.00,$0.00,$0.00,$50.00,$0.00,$0.00,$0.00,$0.00,$0.00,$50.00,$0.00,"$1,551.22","$2,010.21","$1,961.94","$2,166.99","$2,083.09","$1,914.75","$2,292.20","$2,536.63","$2,099.12","$2,192.50","$2,834.48","$2,474.38","$2,003.88","$1,636.28","$1,954.69","$1,993.06","$2,804.09","$2,736.84","$2,495.95","$1,688.13","$1,944.74","$2,489.52","$2,177.10","$1,816.12","$2,344.47","$2,400.44","$1,989.75","$2,401.12","$2,047.41","$1,981.00","$2,447.41","$2,671.19","$2,683.93","$1,866.41","$2,032.21","$2,099.30","$2,422.87","$2,138.04","$3,332.31","$3,847.51","$2,264.64","$2,148.76","$2,555.77","$2,677.38","$1,370.13","$1,169.31",$714.77,$766.74,$709.28,$616.75,$655.01,$959.74,"$1,006.33","$1,257.79","$1,919.82","$2,075.67","$2,241.62","$2,428.43","$2,737.83","$2,873.17","$2,759.21","$2,652.00","$2,262.65","$2,366.50","$2,796.85","$2,661.96","$2,611.11","$2,478.65","$2,248.70","$2,465.88","$2,165.84","$2,247.64","$2,628.45","$3,251.69","$2,540.63","$2,361.79","$2,834.69","$2,446.62","$2,685.88","$3,037.21","$5,608.51","$4,504.85","$2,439.14","$2,798.76","$2,777.15","$2,460.31","$2,457.93","$3,683.40","$2,991.90","$2,672.88","$1,754.42","$2,559.46","$2,627.10","$2,364.93","$3,193.64","$3,012.68","$3,399.10","$3,118.04","$3,142.85","$2,868.70","$2,778.48","$3,192.98","$3,127.11","$2,840.54","$3,151.64","$2,599.31","$2,948.84","$4,002.18","$4,864.10","$4,789.04","$2,003.35","$1,504.56","$1,193.02","$1,035.41","$1,053.84","$1,391.82","$1,050.76","$1,142.56","$1,046.93","$1,091.69",$851.63,$794.47,$898.16,"$1,035.93","$1,188.20","$1,006.40",$856.98,$955.69,"$1,129.72",$721.97,$852.65,$887.45,"$1,094.99",$731.45,"$1,146.98","$1,044.69",$992.79,"$1,127.58","$1,015.95","$1,291.03","$1,089.09",$924.21,"$1,201.36",$910.66,$983.34,$975.03,"$1,200.82","$1,364.27","$1,214.20",$942.10,"$1,451.11",$951.57,"$1,308.54","$1,056.03","$1,290.20","$1,052.79","$1,212.93","$1,213.97","$1,264.31","$1,192.96",$957.81,"$1,060.30",$879.70,"$1,366.22","$1,277.70","$1,305.38",$848.22,$860.09,"$1,151.74",$960.13,"$1,177.25","$1,265.44","$1,045.26","$1,056.42",$992.58,"$1,338.65","$1,287.00","$1,111.88","$1,040.36","$1,252.67","$1,048.98",$963.75,"$1,283.98","$1,189.89","$1,893.03","$1,699.51","$1,290.23",$999.47,$960.85,"$1,361.30",$929.34,"$1,330.84",$974.72,"$1,007.71",$548.61,$562.80,$628.19,$596.82,$683.55,$639.15,$805.23,$802.35,$0.00,$948.21,$724.14,"$1,275.62","$1,378.83","$1,898.91","$2,128.78","$1,902.75","$2,312.55","$2,943.09","$2,790.52","$3,344.72","$3,251.91","$3,005.31","$2,321.16","$2,454.15","$2,561.09","$2,969.10","$2,940.37","$3,044.60","$2,955.33","$2,321.87","$2,274.03","$2,479.30","$2,917.08","$3,522.22","$3,131.60","$2,440.62","$2,435.96","$2,642.14","$2,632.41","$2,523.32","$2,916.53","$3,653.39","$2,563.12","$2,096.27","$2,891.58","$2,430.03","$2,618.18","$2,884.45","$2,790.34","$2,222.89","$2,187.06","$2,300.76","$2,766.93","$2,234.55","$3,158.07","$3,009.70","$1,112.51",$0.00,$0.00,$0.00,"$2,857.08","$3,001.40","$3,205.33","$2,836.00","$2,901.97","$3,873.72","$2,594.13","$3,022.27","$3,108.03","$3,926.60","$2,233.89","$2,285.54","$2,562.09","$2,639.13","$2,906.00","$3,313.98","$3,316.83","$2,508.22","$2,480.45","$2,388.55","$2,619.62","$2,786.17","$3,876.23","$3,369.14","$2,272.53","$2,452.32","$2,253.84","$2,405.15","$2,702.38","$4,175.76","$3,067.23","$1,710.76","$2,029.68","$2,620.88","$2,723.58","$2,523.13","$2,470.62","$3,087.01","$2,601.95","$2,152.97","$2,319.48","$2,180.56","$2,671.89","$2,858.66","$2,571.83","$2,047.67","$2,420.76","$2,661.49","$2,378.18","$2,238.43","$1,266.82","$1,109.46",$880.45,$718.86,$660.02,$675.06,$476.42,$557.62,$788.37,"$1,520.81","$1,673.43","$2,091.63","$2,233.66","$2,289.42","$2,159.09","$2,739.98","$2,187.27","$2,398.24","$1,914.46","$3,387.92","$2,112.25","$2,249.32","$2,353.62","$2,156.43","$2,233.37","$1,281.17","$1,238.46",$843.08,"$1,047.56",$599.11,$65.00,$0.00,$50.00,$25.00,$0.00,$0.00,$30.00,$0.00,$0.00,$0.00
Cash,$0.00,$0.00,$0.00,$0.00,$0.00,$0.00,$0.00,$0.00,$0.00,$0.00,$0.00,$0.00,$0.00,$0.00,$0.00,$0.00,$0.00,$0.00,$0.00,$0.00,$0.00,$0.00,$0.00,$74.12,$68.26,$43.70,$74.44,$72.07,$65.71,$44.99,$78.97,$78.68,$34.38,$71.21,$181.90,$79.58,$16.83,$86.79,$38.78,$126.12,$78.28,$141.58,$50.59,$58.32,$28.87,$78.52,$113.69,$83.17,$78.48,$65.85,$56.08,$117.60,$38.57,$14.38,$108.47,$87.61,$76.82,$133.58,$23.29,$81.45,$47.51,$132.88,$186.09,$94.96,$94.39,$83.26,$50.72,$42.35,$45.88,$38.58,$42.69,$24.53,$33.45,$22.41,$23.42,$58.32,$94.68,$74.23,$92.80,$34.57,$72.93,$111.94,$207.93,$104.78,$107.83,$103.17,$54.28,$61.05,$141.65,$131.73,$88.96,$111.73,$64.70,$67.02,$73.80,$50.95,$51.36,$178.71,$40.90,$144.48,$66.43,$78.75,$69.61,$149.61,$266.37,$104.19,$61.09,$79.13,$110.07,$122.22,$119.87,$84.51,$66.73,$31.77,$91.94,$80.26,$74.03,$137.42,$74.47,$106.35,$117.04,$73.28,$81.05,$120.49,$165.10,$112.05,$31.67,$123.37,$83.26,$54.08,$135.20,$205.43,$95.09,$95.25,$62.58,$49.16,$59.14,$34.71,$15.39,$26.92,$33.45,$60.86,$66.32,$53.58,$76.47,$80.48,$32.43,$14.05,$57.91,$45.16,$11.51,$31.66,$24.65,$46.13,$39.76,$24.56,$12.82,$49.84,$0.00,$96.13,$33.40,$49.18,$25.13,$23.44,$76.05,$56.48,$41.69,$19.06,$80.93,$63.11,$117.32,$55.85,$38.21,$107.34,$62.86,$56.76,$75.98,$41.40,$61.06,$51.84,$44.92,$42.14,$39.07,$33.33,$16.84,$47.28,$91.20,$95.74,$81.33,$44.59,$102.38,$66.22,$55.21,$49.95,$59.35,$28.76,$80.10,$34.18,$31.82,$43.68,$58.11,$121.62,$107.40,$58.88,$65.96,$91.99,$76.46,$72.80,$50.06,$85.62,$39.89,$59.17,$126.60,$34.27,$58.38,$11.70,$83.53,$45.49,$9.70,$24.66,$37.48,$85.96,$35.13,$69.43,$62.79,$0.00,$57.05,$98.21,$62.74,$53.02,$114.51,$125.05,$121.70,$200.02,$73.20,$142.77,$148.74,$128.02,$94.41,$89.30,$105.76,$100.85,$38.75,$114.87,$121.06,$69.59,$102.79,$110.74,$82.56,$84.56,$74.12,$89.74,$39.13,$63.97,$63.20,$37.58,$144.35,$134.41,$111.46,$101.83,$89.84,$46.96,$54.29,$73.34,$104.79,$125.17,$98.55,$144.15,$84.38,$74.89,$95.63,$120.09,$49.85,$136.53,$0.00,$0.00,$0.00,$96.31,$92.61,$156.01,$156.24,$123.84,$94.34,$74.01,$56.42,$56.38,$126.58,$123.97,$89.32,$101.68,$82.02,$75.80,$79.20,$112.54,$55.53,$96.23,$64.70,$55.61,$30.79,$31.48,$74.65,$83.13,$82.03,$45.38,$32.45,$65.43,$114.43,$346.03,$44.60,$40.27,$75.03,$103.40,$41.13,$73.77,$61.30,$64.93,$92.12,$61.30,$49.04,$138.16,$76.42,$54.84,$62.70,$98.90,$71.59,$16.83,$24.91,$32.18,$31.37,$66.11,$58.45,$44.25,$42.90,$25.65,$21.96,$25.17,$70.96,$20.54,$47.89,$85.56,$62.00,$91.89,$105.40,$60.20,$46.81,$93.87,$77.28,$64.09,$60.95,$84.91,$92.41,$72.59,$23.83,$38.76,$31.85,$31.56,$37.26,$0.00,$0.00,$0.00,$0.00,$0.00,$0.00,$0.00,$0.00,$0.00,$0.00
Card,$0.00,$0.00,$0.00,$0.00,$0.00,$0.00,$0.00,$0.00,$0.00,$0.00,$65.06,$0.00,$0.00,$0.00,$0.00,$50.00,$0.00,$0.00,$0.00,$0.00,$0.00,$50.00,$0.00,"$1,457.63","$1,885.64","$1,903.20","$2,062.69","$2,011.02","$1,826.63","$2,222.91","$2,427.58","$1,972.51","$2,120.66","$2,727.46","$2,239.91","$1,861.62","$1,612.21","$1,849.85","$1,934.11","$2,653.99","$2,638.56","$2,318.57","$1,617.41","$1,869.65","$2,416.33","$2,035.54","$1,697.43","$2,243.41","$2,314.27","$1,923.90","$2,306.23","$1,924.81","$1,925.20","$2,408.44","$2,562.72","$2,588.86","$1,768.43","$1,884.91","$2,067.93","$2,319.53","$2,048.77","$3,180.26","$3,619.62","$2,164.68","$2,042.23","$2,456.83","$2,586.41","$1,314.56","$1,121.65",$676.19,$724.05,$684.75,$583.30,$632.60,$936.32,$948.01,"$1,155.30","$1,839.13","$1,978.99","$2,184.98","$2,355.50","$2,601.29","$2,658.78","$2,648.52","$2,507.48","$2,137.96","$2,304.69","$2,697.77","$2,495.68","$2,479.38","$2,382.45","$2,122.74","$2,372.44","$2,068.60","$2,150.12","$2,518.79","$3,188.51","$2,309.05","$2,304.20","$2,675.21","$2,372.77","$2,575.93","$2,936.24","$5,431.09","$4,185.10","$2,297.96","$2,708.25","$2,664.18","$2,333.60","$2,286.90","$3,523.25","$2,849.87","$2,596.23","$1,716.19","$2,452.90","$2,518.44","$2,280.90","$3,046.76","$2,908.00","$3,288.41","$2,933.35","$3,055.15","$2,772.61","$2,632.34","$2,991.97","$3,012.11","$2,785.90","$2,996.65","$2,487.61","$2,862.95","$3,847.96","$4,658.67","$4,679.46","$1,871.64","$1,441.98","$1,132.50",$976.27,$998.01,"$1,376.43",$992.86,"$1,109.11",$982.32,"$1,025.37",$789.36,$700.08,$812.68,"$1,003.50","$1,174.15",$948.49,$811.82,$938.39,"$1,069.82",$697.32,$788.57,$840.45,"$1,070.43",$718.63,"$1,097.14","$1,038.00",$896.66,"$1,065.29",$960.08,"$1,265.90","$1,055.49",$838.24,"$1,128.75",$832.17,$936.91,$894.10,"$1,129.47","$1,246.95","$1,153.35",$903.89,"$1,321.01",$888.71,"$1,233.41",$970.70,"$1,216.56",$985.33,"$1,152.17","$1,169.05","$1,212.07","$1,143.89",$906.59,"$1,043.46",$817.55,"$1,268.56","$1,176.96","$1,224.05",$803.63,$757.71,"$1,071.14",$883.08,"$1,127.30","$1,206.09","$1,016.50",$956.32,$958.40,"$1,306.83","$1,221.48","$1,048.87",$918.74,"$1,145.27",$990.10,$887.78,"$1,187.76","$1,113.43","$1,773.63","$1,639.45","$1,203.79",$959.58,$883.52,"$1,234.70",$895.07,"$1,267.45",$963.02,$916.49,$503.12,$545.52,$595.16,$550.87,$590.68,$604.02,$735.80,$722.52,$0.00,$865.32,$625.93,"$1,206.42","$1,310.94","$1,771.57","$2,003.73","$1,671.32","$2,097.13","$2,835.42","$2,627.19","$3,186.29","$3,101.06","$2,839.20","$2,180.62","$2,318.63","$2,418.34","$2,886.40","$2,770.74","$2,875.99","$2,812.95","$2,163.67","$2,147.45","$2,332.65","$2,768.95","$3,374.16","$2,986.71","$2,336.50","$2,310.41","$2,559.18","$2,519.10","$2,363.47","$2,742.00","$3,486.95","$2,394.54","$1,946.01","$2,784.95","$2,293.69","$2,507.58","$2,748.90","$2,639.86","$2,070.89","$1,989.26","$2,158.58","$2,648.13","$2,130.89","$3,008.23","$2,925.80",$962.82,$0.00,$0.00,$0.00,"$2,707.56","$2,873.79","$3,004.55","$2,640.06","$2,674.50","$3,646.67","$2,447.30","$2,910.70","$2,992.11","$3,746.88","$2,055.53","$2,133.00","$2,378.16","$2,474.71","$2,792.73","$3,145.36","$3,148.64","$2,383.83","$2,287.37","$2,305.30","$2,516.20","$2,723.33","$3,801.87","$3,249.10","$2,183.60","$2,307.35","$2,198.51","$2,335.45","$2,609.01","$4,033.98","$2,715.81","$1,629.84","$1,960.84","$2,489.23","$2,620.18","$2,449.60","$2,374.14","$2,999.30","$2,479.18","$2,054.94","$2,248.38","$2,124.33","$2,464.06","$2,749.75","$2,479.09","$1,949.19","$2,278.42","$2,538.67","$2,223.77","$2,190.83","$1,226.83","$1,070.40",$804.34,$640.94,$615.77,$616.63,$450.77,$525.66,$755.85,"$1,410.58","$1,572.43","$2,019.51","$2,097.39","$2,195.86","$2,036.40","$2,578.10","$2,055.10","$2,278.43","$1,760.57","$3,267.09","$1,937.75","$2,149.62","$2,234.63","$1,981.82","$2,087.39","$1,236.27","$1,154.27",$798.08,"$1,016.00",$561.85,$65.00,$0.00,$50.00,$25.00,$0.00,$0.00,$30.00,$0.00,$0.00,$0.00
Other,$0.00,$0.00,$0.00,$0.00,$0.00,$0.00,$0.00,$0.00,$0.00,$0.00,$0.00,$0.00,$0.00,$0.00,$0.00,$0.00,$0.00,$0.00,$0.00,$0.00,$0.00,$0.00,$0.00,$0.00,$0.00,$0.00,$0.00,$0.00,$0.00,$0.00,$0.00,$0.00,$0.00,$0.00,$0.00,$0.00,$0.00,$0.00,$0.00,$0.00,$0.00,$0.00,$0.00,$0.00,$0.00,$0.00,$0.00,$0.00,$0.00,$0.00,$0.00,$0.00,$0.00,$0.00,$0.00,$0.00,$0.00,$0.00,$0.00,$0.00,$0.00,$0.00,$0.00,$0.00,$0.00,$0.00,$0.00,$0.00,$0.00,$0.00,$0.00,$0.00,$0.00,$0.00,$0.00,$0.00,$0.00,$0.00,$0.00,$0.00,$0.00,$0.00,$0.00,$0.00,$0.00,$0.00,$0.00,$0.00,$0.00,$0.00,$0.00,$0.00,$0.00,$0.00,$0.00,$0.00,$0.00,$0.00,$0.00,$0.00,$0.00,$0.00,$0.00,$0.00,$0.00,$0.00,$0.00,$0.00,$0.00,$0.00,$0.00,$0.00,$0.00,$0.00,$0.00,$0.00,$0.00,$0.00,$0.00,$0.00,$0.00,$0.00,$0.00,$0.00,$0.00,$0.00,$0.00,$0.00,$0.00,$0.00,$0.00,$0.00,$0.00,$0.00,$0.00,$0.00,$0.00,$0.00,$0.00,$0.00,$0.00,$0.00,$0.00,$0.00,$0.00,$0.00,$0.00,$0.00,$0.00,$0.00,$0.00,$0.00,$0.00,$0.00,$0.00,$0.00,$0.00,$0.00,$0.00,$0.00,$0.00,$0.00,$0.00,$0.00,$0.00,$0.00,$0.00,$0.00,$0.00,$0.00,$0.00,$0.00,$0.00,$0.00,$0.00,$0.00,$0.00,$0.00,$0.00,$0.00,$0.00,$0.00,$0.00,$0.00,$0.00,$0.00,$0.00,$0.00,$0.00,$0.00,$0.00,$0.00,$0.00,$0.00,$0.00,$0.00,$0.00,$0.00,$0.00,$0.00,$0.00,$0.00,$0.00,$0.00,$0.00,$0.00,$0.00,$0.00,$0.00,$0.00,$0.00,$0.00,$0.00,$0.00,$0.00,$0.00,$0.00,$0.00,$0.00,$0.00,$0.00,$0.00,$0.00,$0.00,$0.00,$0.00,$0.00,$0.00,$0.00,$0.00,$0.00,$0.00,$0.00,$0.00,$0.00,$0.00,$0.00,$0.00,$0.00,$0.00,$0.00,$0.00,$0.00,$0.00,$0.00,$0.00,$0.00,$0.00,$0.00,$0.00,$0.00,$0.00,$0.00,$0.00,$0.00,$0.00,$0.00,$0.00,$0.00,$0.00,$0.00,$0.00,$0.00,$0.00,$0.00,$0.00,$0.00,$0.00,$0.00,$0.00,$0.00,$0.00,$0.00,$0.00,$0.00,$0.00,$0.00,$0.00,$0.00,$0.00,$0.00,$0.00,$0.00,$0.00,$0.00,$0.00,$0.00,$0.00,$0.00,$0.00,$0.00,$0.00,$0.00,$0.00,$0.00,$0.00,$0.00,$0.00,$0.00,$0.00,$0.00,$0.00,$0.00,$0.00,$0.00,$0.00,$0.00,$0.00,$0.00,$0.00,$0.00,$0.00,$0.00,$0.00,$0.00,$0.00,$0.00,$0.00,$0.00,$0.00,$0.00,$0.00,$0.00,$0.00,$0.00,$90.00,$0.00,$0.00,$0.00,$0.00,$0.00,$0.00,$0.00,$0.00,$0.00,$0.00,$0.00,$0.00,$0.00,$0.00,$0.00,$0.00,$0.00,$0.00,$0.00,$0.00,$0.00,$10.00,$30.00,$0.00,$0.00,$0.00,$0.00,$0.00,$0.00,$0.00,$0.00,$0.00,$0.00,$0.00,$0.00,$0.00,$0.00,$0.00,$0.00,$0.00,$0.00
Gift Card,$0.00,$0.00,$0.00,$0.00,$0.00,$0.00,$0.00,$0.00,$0.00,$0.00,$0.00,$0.00,$0.00,$0.00,$0.00,$0.00,$0.00,$0.00,$0.00,$0.00,$0.00,$0.00,$0.00,$19.47,$56.31,$15.04,$29.86,$0.00,$22.41,$24.30,$30.08,$47.93,$37.46,$23.82,$52.57,$62.68,$7.24,$18.05,$20.17,$23.98,$20.00,$35.80,$20.13,$16.77,$36.63,$63.04,$5.00,$17.89,$7.69,$0.00,$38.81,$5.00,$17.23,$24.59,$0.00,$7.46,$21.16,$13.72,$8.08,$9.58,$41.76,$19.17,$41.80,$5.00,$12.14,$15.68,$40.25,$13.22,$1.78,$0.00,$0.00,$0.00,$0.00,$0.00,$0.00,$0.00,$7.81,$6.46,$3.88,$22.07,$0.00,$24.60,$6.46,$5.91,$36.69,$21.52,$7.53,$38.03,$24.63,$0.00,$7.24,$14.23,$28.74,$30.22,$23.72,$58.71,$11.82,$52.87,$16.69,$15.00,$7.42,$31.20,$31.36,$27.81,$53.38,$36.99,$29.42,$33.84,$16.64,$48.81,$40.28,$57.52,$9.92,$6.46,$14.62,$16.37,$10.00,$9.46,$30.21,$4.34,$67.65,$14.42,$15.04,$25.65,$35.91,$2.95,$22.97,$31.62,$28.44,$31.81,$19.02,$0.00,$14.49,$36.46,$0.00,$11.36,$0.00,$21.12,$0.00,$30.98,$0.00,$3.75,$0.00,$8.69,$17.92,$5.00,$0.00,$0.00,$0.00,$0.00,$5.79,$28.24,$0.00,$17.95,$7.24,$0.00,$0.00,$0.00,$6.69,$0.00,$28.89,$6.69,$0.00,$10.16,$9.92,$16.13,$36.80,$27.37,$0.00,$8.24,$0.00,$5.00,$0.00,$22.76,$0.00,$18.37,$9.35,$32.24,$6.40,$8.92,$0.00,$10.10,$10.00,$17.89,$0.00,$14.87,$6.46,$5.00,$0.00,$0.00,$0.00,$14.38,$21.84,$0.00,$0.00,$0.00,$20.00,$0.00,$0.00,$21.84,$4.90,$0.00,$0.00,$0.00,$10.01,$4.23,$0.00,$46.60,$10.00,$0.82,$0.00,$18.16,$0.00,$0.00,$5.01,$0.00,$7.69,$0.00,$7.58,$8.37,$8.47,$6.91,$0.00,$0.00,$17.04,$0.00,$14.04,$0.00,$6.46,$0.00,$12.83,$0.00,$109.73,$15.40,$34.47,$20.56,$9.69,$22.83,$71.70,$51.24,$29.76,$41.90,$43.95,$54.76,$47.55,$72.79,$55.41,$15.84,$64.09,$63.57,$73.94,$55.15,$64.99,$61.58,$19.76,$75.73,$15.50,$40.12,$54.98,$66.75,$60.42,$59.67,$82.05,$37.26,$30.76,$25.31,$53.45,$53.65,$57.80,$43.91,$8.03,$29.75,$34.05,$13.16,$0.00,$0.00,$0.00,$53.21,$35.00,$44.77,$39.70,$103.63,$132.71,$72.82,$55.15,$52.08,$53.14,$54.39,$63.22,$82.25,$82.40,$37.47,$89.42,$55.65,$68.86,$96.85,$18.55,$47.81,$32.05,$42.88,$45.39,$5.80,$62.94,$9.95,$37.25,$27.94,$27.35,$5.39,$36.32,$28.57,$56.62,$0.00,$32.40,$22.71,$26.41,$57.84,$5.91,$9.80,$7.19,$69.67,$32.49,$15.04,$35.78,$43.44,$51.23,$47.58,$22.69,$7.81,$7.69,$10.00,$19.47,$0.00,$15.53,$0.00,$10.00,$7.35,$39.27,$80.46,$24.23,$50.71,$31.56,$30.80,$56.48,$71.97,$73.00,$60.02,$43.55,$100.41,$8.75,$34.08,$82.20,$73.39,$21.07,$45.43,$13.15,$0.00,$0.00,$0.00,$0.00,$0.00,$0.00,$0.00,$0.00,$0.00,$0.00,$0.00,$0.00
Cash App,$0.00,$0.00,$0.00,$0.00,$0.00,$0.00,$0.00,$0.00,$0.00,$0.00,$0.00,$0.00,$0.00,$0.00,$0.00,$0.00,$0.00,$0.00,$0.00,$0.00,$0.00,$0.00,$0.00,$0.00,$0.00,$0.00,$0.00,$0.00,$0.00,$0.00,$0.00,$0.00,$0.00,$11.99,$0.00,$0.00,$0.00,$0.00,$0.00,$0.00,$0.00,$0.00,$0.00,$0.00,$7.69,$0.00,$0.00,$0.00,$0.00,$0.00,$0.00,$0.00,$0.00,$0.00,$0.00,$0.00,$0.00,$0.00,$0.00,$12.31,$0.00,$0.00,$0.00,$0.00,$0.00,$0.00,$0.00,$0.00,$0.00,$0.00,$0.00,$0.00,$0.00,$0.00,$0.00,$0.00,$0.00,$0.00,$0.00,$0.00,$0.00,$0.00,$0.00,$0.00,$0.00,$0.00,$0.00,$0.00,$0.00,$0.00,$0.00,$0.00,$0.00,$0.00,$0.00,$0.00,$0.00,$0.00,$0.00,$0.00,$0.00,$0.00,$0.00,$0.00,$0.00,$0.00,$0.00,$0.00,$0.00,$0.00,$0.00,$0.00,$0.00,$0.00,$0.00,$12.03,$0.00,$0.00,$0.00,$0.00,$0.00,$0.00,$0.00,$0.00,$0.00,$0.00,$0.00,$0.00,$0.00,$0.00,$0.00,$0.00,$0.00,$0.00,$0.00,$0.00,$0.00,$0.00,$0.00,$0.00,$0.00,$0.00,$0.00,$0.00,$0.00,$0.00,$0.00,$0.00,$0.00,$0.00,$0.00,$0.00,$0.00,$0.00,$0.00,$0.00,$0.00,$0.00,$0.00,$0.00,$0.00,$0.00,$0.00,$0.00,$0.00,$0.00,$0.00,$0.00,$0.00,$0.00,$0.00,$0.00,$0.00,$0.00,$0.00,$0.00,$0.00,$0.00,$0.00,$0.00,$0.00,$0.00,$0.00,$0.00,$0.00,$0.00,$0.00,$0.00,$0.00,$0.00,$0.00,$0.00,$0.00,$0.00,$0.00,$0.00,$0.00,$0.00,$0.00,$0.00,$0.00,$0.00,$0.00,$0.00,$0.00,$0.00,$0.00,$0.00,$0.00,$0.00,$0.00,$0.00,$0.00,$0.00,$0.00,$0.00,$0.00,$0.00,$0.00,$0.00,$0.00,$0.00,$0.00,$0.00,$0.00,$0.00,$11.80,$0.00,$0.00,$14.87,$0.00,$0.00,$0.00,$0.00,$0.00,$0.00,$0.00,$0.00,$0.00,$0.00,$0.00,$0.00,$0.00,$0.00,$0.00,$0.00,$0.00,$0.00,$0.00,$0.00,$0.00,$0.00,$0.00,$0.00,$0.00,$0.00,$0.00,$0.00,$0.00,$0.00,$0.00,$0.00,$0.00,$0.00,$0.00,$0.00,$0.00,$0.00,$0.00,$0.00,$0.00,$0.00,$0.00,$0.00,$0.00,$0.00,$0.00,$0.00,$0.00,$0.00,$0.00,$0.00,$0.00,$0.00,$0.00,$7.46,$0.00,$0.00,$0.00,$0.00,$0.00,$0.00,$0.00,$0.00,$0.00,$0.00,$0.00,$0.00,$0.00,$0.00,$0.00,$0.00,$0.00,$0.00,$0.00,$0.00,$0.00,$0.00,$0.00,$0.00,$0.00,$0.00,$0.00,$0.00,$0.00,$0.00,$0.00,$0.00,$0.00,$0.00,$0.00,$22.86,$0.00,$0.00,$0.00,$0.00,$0.00,$0.00,$0.00,$0.00,$0.00,$0.00,$0.00,$0.00,$0.00,$0.00,$0.00,$0.00,$0.00,$0.00,$0.00,$0.00,$0.00,$0.00,$0.00,$0.00,$0.00,$0.00,$0.00,$0.00,$0.00,$0.00,$0.00,$0.00,$0.00,$0.00,$0.00,$0.00,$0.00,$0.00,$0.00,$0.00,$0.00,$0.00,$0.00,$0.00,$0.00
Fees,$0.00,-$0.45,$0.00,$0.00,$0.00,$0.00,$0.00,$0.00,$0.00,$0.00,-$2.22,$0.00,$0.00,$0.00,$0.00,-$1.75,-$0.51,$0.00,$0.00,$0.00,$0.00,-$1.75,$0.00,-$50.79,-$64.05,-$64.74,-$68.87,-$67.07,-$63.41,-$75.96,-$84.68,-$66.85,-$71.60,-$89.69,-$74.98,-$63.80,-$55.56,-$63.72,-$64.91,-$89.34,-$88.41,-$76.82,-$54.97,-$64.71,-$84.00,-$68.21,-$57.77,-$74.76,-$77.43,-$65.94,-$78.35,-$66.10,-$65.21,-$80.95,-$85.55,-$87.25,-$60.44,-$65.24,-$71.94,-$76.62,-$69.13,-$106.51,-$120.44,-$74.56,-$70.36,-$83.79,-$88.28,-$44.39,-$37.21,-$22.57,-$24.03,-$22.96,-$19.38,-$21.21,-$29.97,-$30.99,-$36.73,-$62.24,-$67.85,-$74.61,-$81.29,-$87.93,-$88.23,-$88.37,-$84.81,-$73.00,-$77.46,-$91.00,-$85.22,-$82.09,-$79.86,-$71.57,-$79.30,-$69.69,-$67.05,-$84.04,-$106.03,-$78.29,-$79.17,-$89.90,-$80.67,-$86.18,-$98.46,-$170.03,-$135.10,-$79.51,-$92.05,-$89.98,-$77.51,-$77.75,-$114.86,-$94.06,-$88.58,-$58.77,-$83.70,-$86.69,-$77.37,-$101.26,-$95.96,-$112.08,-$96.63,-$102.50,-$95.00,-$88.84,-$99.58,-$100.91,-$93.26,-$100.87,-$84.78,-$95.29,-$127.42,-$145.32,-$145.21,-$60.51,-$47.38,-$38.56,-$32.70,-$33.96,-$46.18,-$32.55,-$37.72,-$32.08,-$34.03,-$26.45,-$23.19,-$27.13,-$33.20,-$38.01,-$32.27,-$27.26,-$31.82,-$35.81,-$23.18,-$25.82,-$28.79,-$36.45,-$24.28,-$37.20,-$34.19,-$29.68,-$35.51,-$32.94,-$42.35,-$35.96,-$28.52,-$38.56,-$26.90,-$31.27,-$30.25,-$37.99,-$42.35,-$38.87,-$30.83,-$42.94,-$29.46,-$42.47,-$32.21,-$41.24,-$32.75,-$37.91,-$38.58,-$39.80,-$38.04,-$31.38,-$34.43,-$26.81,-$41.56,-$38.75,-$39.30,-$27.13,-$24.87,-$36.97,-$30.15,-$38.70,-$41.40,-$33.95,-$32.27,-$32.31,-$42.85,-$41.76,-$34.90,-$30.98,-$37.86,-$33.59,-$29.58,-$40.35,-$36.92,-$56.79,-$53.62,-$40.17,-$32.36,-$29.69,-$40.10,-$29.49,-$40.20,-$28.68,-$27.66,-$14.93,-$16.42,-$18.16,-$16.91,-$17.86,-$17.68,-$21.46,-$21.97,$0.00,-$26.51,-$19.25,-$37.09,-$38.78,-$53.05,-$60.05,-$50.10,-$62.55,-$83.42,-$77.86,-$95.03,-$93.36,-$87.68,-$66.71,-$70.91,-$72.61,-$87.51,-$83.04,-$85.36,-$85.10,-$67.09,-$66.04,-$72.00,-$84.68,-$101.51,-$89.82,-$72.72,-$69.83,-$78.56,-$77.09,-$72.01,-$82.08,-$104.39,-$72.81,-$59.76,-$83.03,-$70.11,-$76.75,-$82.17,-$78.74,-$64.25,-$61.65,-$66.14,-$81.32,-$64.93,-$90.76,-$87.99,-$29.79,$0.00,$0.00,$0.00,-$81.90,-$86.26,-$90.54,-$80.36,-$81.51,-$114.75,-$74.89,-$88.32,-$90.01,-$110.83,-$63.03,-$66.24,-$73.76,-$76.50,-$84.72,-$93.25,-$94.32,-$73.56,-$70.11,-$70.37,-$76.00,-$83.03,-$114.47,-$98.88,-$67.14,-$71.24,-$67.63,-$73.30,-$78.71,-$117.46,-$80.80,-$50.53,-$60.79,-$75.97,-$80.15,-$75.06,-$72.00,-$92.52,-$84.91,-$63.97,-$83.42,-$65.21,-$75.40,-$83.09,-$75.31,-$60.28,-$70.05,-$77.82,-$68.03,-$68.20,-$37.04,-$32.20,-$24.46,-$20.04,-$18.39,-$18.34,-$13.75,-$15.81,-$22.97,-$43.92,-$48.89,-$63.02,-$64.45,-$66.15,-$62.46,-$78.45,-$63.08,-$68.49,-$54.46,-$103.20,-$60.16,-$64.91,-$67.88,-$61.76,-$64.08,-$37.43,-$35.00,-$24.13,-$29.66,-$16.35,-$2.49,$0.00,-$1.75,-$1.03,$0.00,$0.00,-$1.17,$0.00,$0.00,$0.00
Net Total,$0.00,-$0.45,$0.00,$0.00,$0.00,$0.00,$0.00,$0.00,$0.00,$0.00,$62.84,$0.00,$0.00,$0.00,$0.00,$48.25,-$0.51,$0.00,$0.00,$0.00,$0.00,$48.25,$0.00,"$1,500.43","$1,946.16","$1,897.20","$2,098.12","$2,016.02","$1,851.34","$2,216.24","$2,451.95","$2,032.27","$2,120.90","$2,744.79","$2,399.40","$1,940.08","$1,580.72","$1,890.97","$1,928.15","$2,714.75","$2,648.43","$2,419.13","$1,633.16","$1,880.03","$2,405.52","$2,108.89","$1,758.35","$2,269.71","$2,323.01","$1,923.81","$2,322.77","$1,981.31","$1,915.79","$2,366.46","$2,585.64","$2,596.68","$1,805.97","$1,966.97","$2,027.36","$2,346.25","$2,068.91","$3,225.80","$3,727.07","$2,190.08","$2,078.40","$2,471.98","$2,589.10","$1,325.74","$1,132.10",$692.20,$742.71,$686.32,$597.37,$633.80,$929.77,$975.34,"$1,221.06","$1,857.58","$2,007.82","$2,167.01","$2,347.14","$2,649.90","$2,784.94","$2,670.84","$2,567.19","$2,189.65","$2,289.04","$2,705.85","$2,576.74","$2,529.02","$2,398.79","$2,177.13","$2,386.58","$2,096.15","$2,180.59","$2,544.41","$3,145.66","$2,462.34","$2,282.62","$2,744.79","$2,365.95","$2,599.70","$2,938.75","$5,438.48","$4,369.75","$2,359.63","$2,706.71","$2,687.17","$2,382.80","$2,380.18","$3,568.54","$2,897.84","$2,584.30","$1,695.65","$2,475.76","$2,540.41","$2,287.56","$3,092.38","$2,916.72","$3,287.02","$3,021.41","$3,040.35","$2,773.70","$2,689.64","$3,093.40","$3,026.20","$2,747.28","$3,050.77","$2,514.53","$2,853.55","$3,874.76","$4,718.78","$4,643.83","$1,942.84","$1,457.18","$1,154.46","$1,002.71","$1,019.88","$1,345.64","$1,018.21","$1,104.84","$1,014.85","$1,057.66",$825.18,$771.28,$871.03,"$1,002.73","$1,150.19",$974.13,$829.72,$923.87,"$1,093.91",$698.79,$826.83,$858.66,"$1,058.54",$707.17,"$1,109.78","$1,010.50",$963.11,"$1,092.07",$983.01,"$1,248.68","$1,053.13",$895.69,"$1,162.80",$883.76,$952.07,$944.78,"$1,162.83","$1,321.92","$1,175.33",$911.27,"$1,408.17",$922.11,"$1,266.07","$1,023.82","$1,248.96","$1,020.04","$1,175.02","$1,175.39","$1,224.51","$1,154.92",$926.43,"$1,025.87",$852.89,"$1,324.66","$1,238.95","$1,266.08",$821.09,$835.22,"$1,114.77",$929.98,"$1,138.55","$1,224.04","$1,011.31","$1,024.15",$960.27,"$1,295.80","$1,245.24","$1,076.98","$1,009.38","$1,214.81","$1,015.39",$934.17,"$1,243.63","$1,152.97","$1,836.24","$1,645.89","$1,250.06",$967.11,$931.16,"$1,321.20",$899.85,"$1,290.64",$946.04,$980.05,$533.68,$546.38,$610.03,$579.91,$665.69,$621.47,$783.77,$780.38,$0.00,$921.70,$704.89,"$1,238.53","$1,340.05","$1,845.86","$2,068.73","$1,852.65","$2,250.00","$2,859.67","$2,712.66","$3,249.69","$3,158.55","$2,917.63","$2,254.45","$2,383.24","$2,488.48","$2,881.59","$2,857.33","$2,959.24","$2,870.23","$2,254.78","$2,207.99","$2,407.30","$2,832.40","$3,420.71","$3,041.78","$2,367.90","$2,366.13","$2,563.58","$2,555.32","$2,451.31","$2,834.45","$3,549.00","$2,490.31","$2,036.51","$2,808.55","$2,359.92","$2,541.43","$2,802.28","$2,711.60","$2,158.64","$2,125.41","$2,234.62","$2,685.61","$2,169.62","$3,067.31","$2,921.71","$1,082.72",$0.00,$0.00,$0.00,"$2,775.18","$2,915.14","$3,114.79","$2,755.64","$2,820.46","$3,758.97","$2,519.24","$2,933.95","$3,018.02","$3,815.77","$2,170.86","$2,219.30","$2,488.33","$2,562.63","$2,821.28","$3,220.73","$3,222.51","$2,434.66","$2,410.34","$2,318.18","$2,543.62","$2,703.14","$3,761.76","$3,270.26","$2,205.39","$2,381.08","$2,186.21","$2,331.85","$2,623.67","$4,058.30","$2,986.43","$1,660.23","$1,968.89","$2,544.91","$2,643.43","$2,448.07","$2,398.62","$2,994.49","$2,517.04","$2,089.00","$2,236.06","$2,115.35","$2,596.49","$2,775.57","$2,496.52","$1,987.39","$2,350.71","$2,583.67","$2,310.15","$2,170.23","$1,229.78","$1,077.26",$855.99,$698.82,$641.63,$656.72,$462.67,$541.81,$765.40,"$1,476.89","$1,624.54","$2,028.61","$2,169.21","$2,223.27","$2,096.63","$2,661.53","$2,124.19","$2,329.75","$1,860.00","$3,284.72","$2,052.09","$2,184.41","$2,285.74","$2,094.67","$2,169.29","$1,243.74","$1,203.46",$818.95,"$1,017.90",$582.76,$62.51,$0.00,$48.25,$23.97,$0.00,$0.00,$28.83,$0.00,$0.00,$0.00

Category Sales
Filtered By Interval: Daily
Filtered By Location: Coffee Shop
Category,01/01/2024,01/02/2024,01/03/2024,01/04/2024,01/05/2024,01/06/2024,01/07/2024,01/08/2024,01/09/2024,01/10/2024,01/11/2024,01/12/2024,01/13/2024,01/14/2024,01/15/2024,01/16/2024,01/17/2024,01/18/2024,01/19/2024,01/20/2024,01/21/2024,01/22/2024,01/23/2024,01/24/2024,01/25/2024,01/26/2024,01/27/2024,01/28/2024,01/29/2024,01/30/2024,01/31/2024,02/01/2024,02/02/2024,02/03/2024,02/04/2024,02/05/2024,02/06/2024,02/07/2024,02/08/2024,02/09/2024,02/10/2024,02/11/2024,02/12/2024,02/13/2024,02/14/2024,02/15/2024,02/16/2024,02/17/2024,02/18/2024,02/19/2024,02/20/2024,02/21/2024,02/22/2024,02/23/2024,02/24/2024,02/25/2024,02/26/2024,02/27/2024,02/28/2024,02/29/2024,03/01/2024,03/02/2024,03/03/2024,03/04/2024,03/05/2024,03/06/2024,03/07/2024,03/08/2024,03/09/2024,03/10/2024,03/11/2024,03/12/2024,03/13/2024,03/14/2024,03/15/2024,03/16/2024,03/17/2024,03/18/2024,03/19/2024,03/20/2024,03/21/2024,03/22/2024,03/23/2024,03/24/2024,03/25/2024,03/26/2024,03/27/2024,03/28/2024,03/29/2024,03/30/2024,03/31/2024,04/01/2024,04/02/2024,04/03/2024,04/04/2024,04/05/2024,04/06/2024,04/07/2024,04/08/2024,04/09/2024,04/10/2024,04/11/2024,04/12/2024,04/13/2024,04/14/2024,04/15/2024,04/16/2024,04/17/2024,04/18/2024,04/19/2024,04/20/2024,04/21/2024,04/22/2024,04/23/2024,04/24/2024,04/25/2024,04/26/2024,04/27/2024,04/28/2024,04/29/2024,04/30/2024,05/01/2024,05/02/2024,05/03/2024,05/04/2024,05/05/2024,05/06/2024,05/07/2024,05/08/2024,05/09/2024,05/10/2024,05/11/2024,05/12/2024,05/13/2024,05/14/2024,05/15/2024,05/16/2024,05/17/2024,05/18/2024,05/19/2024,05/20/2024,05/21/2024,05/22/2024,05/23/2024,05/24/2024,05/25/2024,05/26/2024,05/27/2024,05/28/2024,05/29/2024,05/30/2024,05/31/2024,06/01/2024,06/02/2024,06/03/2024,06/04/2024,06/05/2024,06/06/2024,06/07/2024,06/08/2024,06/09/2024,06/10/2024,06/11/2024,06/12/2024,06/13/2024,06/14/2024,06/15/2024,06/16/2024,06/17/2024,06/18/2024,06/19/2024,06/20/2024,06/21/2024,06/22/2024,06/23/2024,06/24/2024,06/25/2024,06/26/2024,06/27/2024,06/28/2024,06/29/2024,06/30/2024,07/01/2024,07/02/2024,07/03/2024,07/04/2024,07/05/2024,07/06/2024,07/07/2024,07/08/2024,07/09/2024,07/10/2024,07/11/2024,07/12/2024,07/13/2024,07/14/2024,07/15/2024,07/16/2024,07/17/2024,07/18/2024,07/19/2024,07/20/2024,07/21/2024,07/22/2024,07/23/2024,07/24/2024,07/25/2024,07/26/2024,07/27/2024,07/28/2024,07/29/2024,07/30/2024,07/31/2024,08/01/2024,08/02/2024,08/03/2024,08/04/2024,08/05/2024,08/06/2024,08/07/2024,08/08/2024,08/09/2024,08/10/2024,08/11/2024,08/12/2024,08/13/2024,08/14/2024,08/15/2024,08/16/2024,08/17/2024,08/18/2024,08/19/2024,08/20/2024,08/21/2024,08/22/2024,08/23/2024,08/24/2024,08/25/2024,08/26/2024,08/27/2024,08/28/2024,08/29/2024,08/30/2024,08/31/2024,09/01/2024,09/02/2024,09/03/2024,09/04/2024,09/05/2024,09/06/2024,09/07/2024,09/08/2024,09/09/2024,09/10/2024,09/11/2024,09/12/2024,09/13/2024,09/14/2024,09/15/2024,09/16/2024,09/17/2024,09/18/2024,09/19/2024,09/20/2024,09/21/2024,09/22/2024,09/23/2024,09/24/2024,09/25/2024,09/26/2024,09/27/2024,09/28/2024,09/29/2024,09/30/2024,10/01/2024,10/02/2024,10/03/2024,10/04/2024,10/05/2024,10/06/2024,10/07/2024,10/08/2024,10/09/2024,10/10/2024,10/11/2024,10/12/2024,10/13/2024,10/14/2024,10/15/2024,10/16/2024,10/17/2024,10/18/2024,10/19/2024,10/20/2024,10/21/2024,10/22/2024,10/23/2024,10/24/2024,10/25/2024,10/26/2024,10/27/2024,10/28/2024,10/29/2024,10/30/2024,10/31/2024,11/01/2024,11/02/2024,11/03/2024,11/04/2024,11/05/2024,11/06/2024,11/07/2024,11/08/2024,11/09/2024,11/10/2024,11/11/2024,11/12/2024,11/13/2024,11/14/2024,11/15/2024,11/16/2024,11/17/2024,11/18/2024,11/19/2024,11/20/2024,11/21/2024,11/22/2024,11/23/2024,11/24/2024,11/25/2024,11/26/2024,11/27/2024,11/28/2024,11/29/2024,11/30/2024,12/01/2024,12/02/2024,12/03/2024,12/04/2024,12/05/2024,12/06/2024,12/07/2024,12/08/2024,12/09/2024,12/10/2024,12/11/2024,12/12/2024,12/13/2024,12/14/2024,12/15/2024,12/16/2024,12/17/2024,12/18/2024,12/19/2024,12/20/2024,12/21/2024,12/22/2024,12/23/2024,12/24/2024,12/25/2024,12/26/2024,12/27/2024,12/28/2024,12/29/2024,12/30/2024,12/31/2024,01/01/2025
Uncategorized,$0.00,$0.00,$0.00,$0.00,$0.00,$0.00,$0.00,$0.00,$0.00,$0.00,$0.00,$0.00,$0.00,$0.00,$0.00,$0.00,$0.00,$0.00,$0.00,$0.00,$0.00,$0.00,$0.00,$0.00,$0.00,$33.80,$15.00,$0.00,$0.50,$5.94,$6.99,$74.60,$0.00,$0.00,$0.00,$6.99,$44.00,$0.00,$41.00,$0.00,$0.00,$0.00,$0.00,$50.00,$0.00,$150.00,$0.00,$0.00,$0.00,$0.00,$401.00,$0.00,$59.22,$0.00,$0.00,$0.00,$0.00,$0.00,$100.00,$0.00,$0.00,$0.00,$0.00,$36.76,$24.00,$0.00,$0.00,$0.00,$0.00,$4.00,$0.00,$0.00,$0.00,$26.70,$0.00,$0.00,$30.00,$0.00,$0.00,$0.00,$33.71,$250.00,$44.97,$0.90,$101.41,$0.00,$0.00,$0.00,$0.00,$0.00,$0.00,$8.55,$0.00,$0.00,$0.00,$0.00,$0.00,$6.04,$0.00,$2.00,$1.50,$0.00,$0.00,$0.00,$0.00,$0.00,$0.00,$394.76,$0.00,$0.00,$8.97,$0.00,$2.10,$0.00,$5.00,$50.45,$0.00,$0.00,$0.00,$804.20,$0.00,$0.00,$1.50,$0.00,$0.00,$0.00,$20.72,$44.00,$0.00,$0.00,$0.00,$6.75,$0.00,$16.50,$0.00,$0.00,$0.00,$0.00,$0.00,$0.00,$0.00,$0.00,$0.00,$0.00,$0.00,$0.00,$0.00,$0.00,$0.00,$0.00,$4.00,$3.70,$30.00,$0.00,$0.00,$0.00,$0.00,$0.00,$6.04,$0.00,$0.00,$0.00,$0.00,$39.60,$0.00,$0.00,$0.00,$0.00,$5.50,$0.00,$0.00,$0.00,$0.00,$20.00,$0.00,$369.38,$4.00,$30.00,$1.00,$2.30,$12.00,$0.00,$0.00,$26.30,$0.00,$8.00,$8.99,$0.00,$0.00,$0.00,$2.00,$0.00,$0.00,$0.00,$0.00,$0.00,$24.30,$30.00,$0.00,$0.00,$0.00,$0.00,$0.00,$0.00,$0.00,$0.00,$1.00,$445.00,$0.00,$0.00,$0.00,$6.35,$0.00,$0.00,$20.00,$0.00,$0.00,$0.00,$0.00,$0.00,$0.00,$0.00,$7.10,$0.00,$0.00,$0.00,$1.80,$0.00,$0.00,$0.00,$0.00,$190.00,$6.40,$0.00,$21.22,$0.00,$0.00,$0.00,$2.18,$6.40,$0.00,$2.00,$400.00,$4.50,$0.50,$30.00,$6.40,$0.00,$12.80,$7.00,$60.90,$0.00,$20.60,$3.50,$0.00,$0.00,$25.90,$91.40,$10.40,$0.00,$7.50,$109.50,$0.00,$32.25,$25.85,$0.00,$0.00,$15.00,$0.00,$7.00,$51.32,$0.01,$0.00,$0.00,$0.00,$0.00,$0.00,$0.00,$0.00,$12.11,$121.00,$21.38,$789.43,$0.00,$8.00,$0.00,$36.40,$0.00,$0.00,$0.00,$0.00,$45.50,$0.00,$15.00,$0.00,$22.37,$0.00,$0.00,$13.65,$0.00,$8.65,$0.00,$5.50,$0.00,$0.00,$0.00,$0.00,$0.00,$0.00,$147.60,$100.00,$0.00,$111.79,$0.00,$14.50,$0.00,$0.00,$147.60,$0.50,$99.01,$6.00,$0.00,$0.00,$0.00,$7.10,$13.24,$141.92,$0.00,$0.00,$0.00,$3.96,$0.00,$0.00,$0.00,$0.00,$0.00,$0.00,$0.00,$0.00,$0.00,$0.00,$0.00,$1.00,$0.00,$100.00,$0.00,$0.00,$1.50,$0.00,$0.00,$0.00,$0.00,$0.01,$0.00,$0.00,$3.00,$0.00,$0.00,$0.00,$0.00,$0.00,$0.00,$0.00,$0.00,$0.00,$0.00,$0.00
Espresso Drinks,$0.00,$4.53,$0.00,$0.00,$0.00,$0.00,$0.00,$0.00,$0.00,$0.00,$0.00,$0.00,$0.00,$0.00,$0.00,$0.00,$0.00,$0.00,$0.00,$0.00,$0.00,$0.00,$0.00,$538.99,$785.70,$706.99,$844.10,$829.56,$877.48,"$1,020.30","$1,201.19",$692.40,$708.60,"$1,008.29",$910.18,$736.70,$531.10,$741.70,$637.26,$945.28,$927.54,$735.69,$513.20,$673.10,$669.72,$703.27,$629.30,$765.90,$852.70,$640.79,$762.80,$638.70,$642.59,$917.80,$949.30,$953.69,$674.77,$695.70,$580.74,$778.20,$741.80,"$1,006.70","$1,267.76",$702.90,$713.94,$646.00,$751.82,$408.70,$394.30,$307.30,$268.40,$229.40,$213.20,$227.30,$292.30,$358.40,$424.20,$615.50,$420.70,$632.70,$656.00,$727.99,$890.04,$840.80,$721.60,$690.40,$655.20,$885.12,$750.70,$799.79,$721.19,$739.18,$794.20,$731.90,$645.20,"$1,062.90","$1,032.39",$831.40,$775.27,$698.59,$674.40,$842.50,$954.50,"$1,597.40","$1,364.19",$825.70,$733.80,$717.40,$795.39,$834.10,"$1,340.60","$1,067.69",$951.53,$544.70,$874.60,$952.90,$817.20,"$1,136.23","$1,010.60",$901.80,"$1,078.88",$947.91,"$1,037.80",$893.60,"$1,035.89","$1,088.80","$1,036.60","$1,082.10",$902.19,$862.40,"$1,497.73","$1,760.60","$1,799.32",$645.89,$544.40,$488.49,$310.70,$410.20,$468.88,$366.48,$355.50,$277.60,$312.80,$294.70,$275.40,$271.20,$394.50,$416.30,$374.95,$332.90,$293.00,$343.10,$280.50,$264.00,$374.28,$356.30,$255.50,$415.89,$366.50,$389.50,$308.20,$417.10,$403.47,$417.80,$340.49,$336.88,$277.78,$283.79,$347.80,$343.79,$392.40,$414.77,$330.08,$413.30,$280.19,$445.67,$296.40,$417.40,$334.30,$387.39,$366.79,$350.80,$391.58,$345.68,$348.60,$329.10,$461.69,$365.49,$425.50,$250.49,$321.50,$421.50,$342.80,$428.67,$459.10,$315.20,$345.41,$293.90,$414.70,$442.00,$371.39,$396.80,$388.20,$341.70,$289.50,$470.10,$360.60,$436.20,$567.47,$449.50,$326.50,$297.79,$470.00,$333.30,$396.80,$276.60,$312.30,$238.20,$176.90,$219.60,$173.20,$244.69,$217.60,$285.60,$328.10,$0.00,$357.10,$263.00,$448.40,$431.00,$735.69,$574.90,$730.60,$739.90,"$1,070.30",$883.39,"$1,011.50","$1,055.09","$1,016.30",$679.29,$816.29,$831.80,$832.59,$997.90,$974.19,"$1,135.42",$869.10,$836.89,$685.30,$797.36,"$1,076.60",$954.00,$870.05,$548.50,$642.69,$653.30,$476.48,$597.59,$863.90,$543.60,$496.90,$603.80,$572.28,$510.38,$623.30,$575.40,$593.79,$529.60,$559.80,$598.50,$600.50,$671.00,$676.09,$249.50,$0.00,$0.00,$0.00,$640.10,$719.40,$675.80,$621.90,$535.40,$728.60,$523.19,$609.54,$781.60,$858.30,$613.50,$646.20,$554.40,$657.60,$703.38,$599.70,$784.10,$651.20,$626.60,$597.70,$700.78,$754.60,"$1,022.70",$756.30,$661.90,$671.70,$544.80,$673.30,$612.09,$991.60,$818.30,$490.30,$530.50,$627.40,$747.50,$625.80,$674.50,$731.60,$671.70,$548.50,$752.30,$568.20,$557.60,$593.74,$591.20,$545.20,$571.95,$565.25,$388.70,$502.19,$315.10,$253.00,$265.60,$202.90,$162.90,$186.00,$204.70,$208.70,$202.80,$403.20,$431.50,$523.60,$608.10,$422.59,$498.90,$555.90,$535.40,$414.79,$519.80,$621.40,$496.40,$483.50,$494.00,$531.18,$436.70,$210.30,$237.30,$173.90,$240.50,$159.60,$0.00,$0.00,$0.00,$0.00,$0.00,$0.00,$0.00,$0.00,$0.00,$0.00
Beans,$0.00,$0.00,$0.00,$0.00,$0.00,$0.00,$0.00,$0.00,$0.00,$0.00,$27.00,$0.00,$0.00,$0.00,$0.00,$0.00,$0.00,$0.00,$0.00,$0.00,$0.00,$0.00,$0.00,$99.30,$88.40,$126.80,$47.10,$23.80,$46.40,$106.50,$45.90,$184.88,$181.28,$227.06,$69.72,$44.00,$22.00,$45.42,$24.30,$46.40,$45.42,$45.42,$45.42,$72.40,$24.26,$46.40,$0.00,$48.52,$48.10,$47.20,$48.06,$23.80,$22.90,$43.12,$24.30,$0.00,$68.28,$48.10,$44.90,$45.42,$89.82,$67.48,$22.00,$23.80,$22.00,$92.42,$25.10,$0.00,$0.00,$0.00,$23.80,$0.00,$68.00,$22.00,$44.10,$47.10,$0.00,$23.80,$117.30,$0.00,$22.00,$0.00,$47.20,$45.40,$44.00,$0.00,$126.30,$0.00,$0.00,$24.30,$48.10,$55.70,$46.30,$48.60,$128.60,$49.40,$97.20,$46.30,$47.20,$188.80,$22.90,$24.30,$22.90,$70.10,$24.30,$24.30,$103.80,$0.00,$24.30,$0.00,$48.10,$0.00,$114.60,$0.00,$121.00,$73.20,$24.30,$48.10,$24.30,$46.70,$0.00,$67.30,$45.80,$0.00,$45.80,$21.50,$24.30,$24.30,$0.00,$0.00,$43.00,$72.90,$164.50,$72.90,$46.30,$22.50,$0.00,$22.50,$0.00,$22.50,$21.50,$0.00,$70.60,$0.00,$22.00,$24.30,$0.00,$48.20,$0.00,$0.00,$23.90,$0.00,$0.00,$0.00,$0.00,$0.00,$22.00,$0.00,$22.50,$20.00,$20.00,$20.00,$44.20,$0.00,$20.00,$24.20,$0.00,$0.00,$0.00,$24.20,$24.20,$24.20,$0.00,$24.30,$0.00,$44.30,$44.30,$0.00,$44.30,$68.50,$20.00,$0.00,$20.00,$43.30,$24.30,$0.00,$23.30,$69.90,$0.00,$0.00,$0.00,$0.00,$24.30,$0.00,$0.00,$22.90,$0.00,$0.00,$91.60,$0.00,$30.00,$28.00,$22.90,$23.30,$50.90,$0.00,$78.90,$50.90,$28.00,$22.90,$56.00,$0.00,$69.10,$0.00,$44.40,$23.30,$53.10,$0.00,$25.10,$0.00,$0.00,$24.30,$0.00,$24.30,$24.30,$0.00,$72.90,$0.00,$24.30,$50.20,$0.00,$77.40,$56.00,$126.10,$118.60,$93.80,$165.10,$71.70,$92.00,$0.00,$44.00,$112.30,$43.50,$118.10,$73.10,$0.00,$71.70,$43.00,$139.60,$70.10,$89.10,$49.40,$22.50,$70.10,$45.40,$22.50,$69.50,$22.00,$48.40,$71.30,$44.90,$41.10,$72.20,$44.90,$97.30,$45.30,$81.10,$74.90,$99.10,$22.90,$0.00,$25.10,$0.00,$21.10,$0.00,$0.00,$0.00,$25.10,$117.60,$74.00,$25.10,$175.40,$25.10,$53.80,$96.00,$24.30,$103.50,$0.00,$77.60,$47.10,$69.90,$23.30,$44.90,$24.30,$65.20,$47.60,$46.30,$0.00,$89.90,$66.50,$89.40,$90.40,$22.50,$117.20,$20.70,$48.10,$22.50,$48.40,$47.60,$95.70,$49.40,$70.10,$46.80,$20.70,$0.00,$48.40,$78.70,$45.00,$22.50,$72.70,$0.00,$52.30,$0.00,$41.40,$46.70,$71.00,$53.60,$73.20,$22.90,$0.00,$0.00,$70.50,$0.00,$0.00,$0.00,$24.70,$23.80,$24.70,$45.80,$0.00,$24.70,$22.00,$70.00,$51.20,$93.70,$29.20,$0.00,$0.00,$26.00,$44.90,$105.10,$48.00,$52.50,$24.70,$0.00,$71.40,$49.40,$0.00,$0.00,$0.00,$0.00,$0.00,$0.00,$0.00,$0.00,$0.00,$0.00
Staff Picks,$0.00,$0.00,$0.00,$0.00,$0.00,$0.00,$0.00,$0.00,$0.00,$0.00,$0.00,$0.00,$0.00,$0.00,$0.00,$0.00,$6.54,$0.00,$0.00,$0.00,$0.00,$0.00,$0.00,$76.80,$85.90,$109.24,$68.00,$102.90,$178.14,$222.50,$312.57,$85.30,$66.50,$67.80,$73.00,$108.70,$80.80,$74.60,$63.10,$118.00,$76.60,$44.70,$86.84,$49.60,$89.20,$165.84,$42.50,$64.00,$83.33,$69.00,$105.20,$87.40,$75.10,$59.20,$58.56,$132.40,$55.00,$78.70,$139.60,$87.80,$59.10,$178.00,$190.03,$60.30,$74.94,$116.50,$121.00,$36.00,$32.70,$32.64,$12.80,$29.80,$29.60,$13.90,$33.00,$41.00,$7.10,$76.70,$38.90,$71.80,$140.80,$54.90,$68.70,$141.00,$83.10,$72.80,$110.60,$126.14,$68.40,$104.60,$92.50,$49.74,$98.20,$98.10,$53.10,$171.50,$157.30,$194.30,$124.30,$114.70,$116.30,$125.30,$137.00,$129.30,$202.50,$134.50,$162.90,$164.50,$70.60,$86.30,$143.40,$123.60,$130.80,$124.00,$165.60,$127.70,$77.10,$130.50,$131.50,$223.40,$273.60,$227.40,$151.60,$239.80,$175.20,$252.80,$187.40,$222.80,$173.10,$144.50,$203.80,$113.30,$166.10,$50.00,$28.60,$44.30,$37.40,$45.20,$54.10,$44.40,$39.50,$34.70,$14.10,$22.00,$26.50,$19.90,$48.00,$5.90,$20.10,$7.00,$18.40,$48.50,$12.44,$33.60,$36.50,$41.20,$24.80,$42.90,$46.40,$23.20,$52.70,$0.00,$58.90,$41.80,$36.70,$21.90,$53.50,$56.80,$32.90,$14.00,$41.10,$13.30,$31.00,$47.30,$13.50,$14.00,$38.40,$12.74,$7.30,$50.90,$19.70,$45.60,$62.60,$14.30,$13.10,$30.20,$21.40,$49.10,$34.40,$30.30,$23.60,$46.80,$17.90,$8.00,$14.00,$49.40,$39.30,$36.60,$76.70,$42.70,$0.00,$14.70,$20.80,$7.70,$22.90,$50.60,$22.60,$29.20,$34.30,$27.90,$11.70,$44.40,$11.70,$7.00,$7.00,$12.74,$34.40,$8.00,$13.00,$26.00,$40.60,$0.00,$21.00,$21.60,$5.40,$0.00,$0.00,$18.00,$13.90,$0.00,$0.00,$6.30,$12.50,$33.40,$0.00,$23.00,$19.80,$32.40,$26.20,$50.20,$71.20,$52.50,$33.30,$42.70,$34.90,$34.00,$49.60,$53.80,$36.00,$64.50,$38.20,$22.00,$48.90,$45.90,$40.90,$80.90,$15.00,$47.10,$74.10,$32.50,$47.10,$69.70,$42.60,$44.90,$7.00,$67.73,$35.00,$29.90,$49.30,$0.00,$20.90,$0.00,$37.33,$0.00,$0.00,$0.00,$0.00,$42.80,$22.50,$14.60,$55.10,$43.64,$39.60,$52.00,$20.30,$42.50,$60.70,$63.50,$9.12,$28.10,$21.20,$43.50,$13.30,$27.33,$41.60,$56.60,$70.60,$20.70,$26.90,$36.00,$95.30,$36.60,$57.80,$37.30,$42.60,$27.90,$64.90,$27.23,$29.50,$28.20,$32.10,$27.60,$14.60,$27.30,$12.13,$239.26,$300.40,$265.63,$198.28,$191.93,$305.64,$362.38,$298.75,$269.65,$298.76,$252.84,$206.19,$105.15,$56.25,$44.79,$84.25,$53.16,$60.40,$33.80,$49.00,$40.20,$91.50,$167.55,$262.58,$202.95,$351.78,$319.16,$394.31,$266.25,$209.78,$130.83,$301.76,$260.80,$282.96,$90.30,$212.36,$288.00,$144.35,$201.03,$72.76,$71.95,$47.60,$0.00,$0.00,$0.00,$0.00,$0.00,$0.00,$0.00,$0.00,$0.00,$0.00
Coffee,$0.00,$0.00,$0.00,$0.00,$0.00,$0.00,$0.00,$0.00,$0.00,$0.00,$0.00,$0.00,$0.00,$0.00,$0.00,$0.00,$0.00,$0.00,$0.00,$0.00,$0.00,$0.00,$0.00,$110.10,$216.21,$101.10,$162.11,$128.61,$154.06,$112.32,$168.21,$118.57,$164.05,$137.65,$196.83,$106.58,$105.71,$126.05,$112.72,$189.76,$126.61,$153.21,$176.65,$196.33,$143.81,$144.16,$138.10,$132.93,$104.80,$157.88,$117.22,$129.98,$149.82,$170.30,$151.71,$166.41,$196.39,$138.68,$114.01,$118.72,$130.52,$225.78,$240.74,$175.02,$160.35,$218.27,$158.61,$81.49,$128.12,$44.38,$84.68,$59.99,$50.61,$68.44,$49.10,$106.81,$97.29,$77.75,$309.68,$202.81,$120.96,$113.34,$171.90,$179.24,$229.42,$127.49,$147.61,$168.51,$230.41,$147.30,$167.43,$152.42,$135.20,$95.86,$79.03,$144.76,$266.26,$169.40,$206.50,$318.92,$178.80,$226.91,$197.25,$467.10,$326.00,$199.46,$263.05,$159.30,$252.96,$244.30,$264.48,$223.05,$239.50,$151.60,$204.21,$226.72,$216.30,$265.65,$202.60,$197.01,$239.31,$509.72,$209.22,$181.42,$269.61,$167.61,$211.97,$221.61,$215.39,$321.74,$249.02,$500.53,$395.60,$261.02,$143.89,$105.30,$126.40,$100.11,$132.41,$123.11,$145.61,$113.45,$150.43,$114.20,$69.52,$122.21,$76.41,$97.91,$110.70,$88.96,$136.02,$116.10,$72.10,$94.83,$87.81,$171.41,$90.82,$147.30,$132.25,$61.95,$127.32,$96.23,$105.02,$124.21,$113.90,$126.61,$84.10,$113.80,$179.50,$186.92,$184.41,$197.60,$114.01,$150.92,$118.01,$162.50,$134.00,$138.01,$107.00,$128.81,$148.91,$120.11,$97.62,$122.10,$125.73,$86.40,$186.22,$192.64,$192.80,$107.92,$85.50,$116.50,$107.60,$99.91,$108.21,$53.55,$51.60,$93.60,$101.51,$121.20,$132.92,$85.21,$114.64,$133.32,$91.20,$135.85,$147.95,$116.40,$137.10,$131.30,$98.60,$126.00,$100.30,$115.30,$202.80,$94.90,$126.74,$60.30,$65.00,$111.50,$71.90,$89.60,$50.30,$97.81,$69.51,$0.00,$97.70,$59.20,$161.81,$114.50,$166.80,$172.51,$142.70,$252.70,$173.10,$227.80,$246.80,$217.20,$212.51,$203.10,$192.72,$223.31,$241.31,$263.41,$269.51,$188.21,$180.14,$220.22,$173.61,$182.20,$194.11,$187.62,$236.12,$163.82,$223.20,$210.82,$143.50,$157.70,$221.80,$212.91,$161.62,$153.31,$167.11,$237.01,$216.90,$137.70,$115.81,$156.70,$182.41,$203.11,$131.53,$217.91,$206.01,$107.30,$0.00,$0.00,$0.00,$227.92,$115.91,$232.81,$195.23,$201.53,$201.71,$180.00,$189.10,$176.91,$196.41,$188.33,$132.20,$135.41,$150.51,$217.72,$310.20,$242.44,$195.20,$147.41,$151.50,$261.31,$151.73,$182.71,$149.40,$159.20,$169.10,$149.42,$176.86,$164.31,$339.31,$266.25,$124.60,$164.71,$148.71,$165.41,$163.20,$109.51,$174.43,$214.51,$82.41,$151.41,$136.52,$179.51,$190.57,$137.29,$89.84,$117.00,$151.59,$92.56,$151.94,$74.62,$71.68,$47.80,$54.84,$38.34,$57.18,$38.48,$19.15,$40.35,$83.85,$128.78,$103.98,$103.19,$91.13,$103.09,$102.51,$86.02,$76.86,$87.54,$108.23,$58.22,$92.69,$128.03,$121.74,$106.54,$53.10,$25.44,$62.24,$54.60,$40.70,$0.00,$0.00,$0.00,$0.00,$0.00,$0.00,$0.00,$0.00,$0.00,$0.00
Handcrafted Drinks,$0.00,$0.00,$0.00,$0.00,$0.00,$0.00,$0.00,$0.00,$0.00,$0.00,$0.00,$0.00,$0.00,$0.00,$0.00,$0.00,$0.00,$0.00,$0.00,$0.00,$0.00,$0.00,$0.00,$18.40,$51.50,$42.60,$54.10,$78.10,$49.20,$43.50,$57.80,$48.80,$83.90,$65.10,$32.70,$48.50,$34.70,$47.80,$55.50,$70.40,$54.60,$61.90,$19.60,$29.30,$54.40,$13.80,$46.70,$52.60,$63.70,$15.80,$44.00,$14.50,$11.20,$58.60,$103.90,$55.30,$9.90,$33.50,$41.20,$86.10,$46.50,$29.60,$38.80,$13.80,$40.55,$23.00,$31.40,$13.80,$0.00,$4.60,$0.00,$5.90,$0.00,$0.00,$4.60,$5.30,$27.60,$28.30,$29.60,$4.60,$46.70,$54.60,$34.50,$33.60,$38.90,$9.20,$46.20,$54.20,$25.50,$25.00,$28.80,$35.50,$14.50,$65.40,$34.80,$23.00,$23.70,$37.30,$40.53,$26.90,$20.40,$82.00,$26.90,$61.20,$48.00,$44.33,$40.10,$5.30,$39.40,$34.70,$52.00,$23.50,$23.70,$23.70,$36.00,$10.40,$25.70,$38.10,$28.90,$23.50,$50.50,$18.90,$38.80,$36.80,$64.40,$40.10,$29.60,$15.80,$21.00,$15.00,$107.10,$59.20,$59.30,$35.40,$0.00,$26.40,$15.60,$4.60,$15.10,$0.00,$19.70,$14.50,$10.50,$0.00,$9.20,$0.00,$14.50,$19.70,$20.90,$4.60,$5.30,$4.60,$0.00,$0.00,$0.00,$18.40,$0.00,$9.20,$10.50,$4.60,$21.10,$5.90,$5.90,$13.80,$5.90,$15.10,$15.80,$14.50,$15.10,$9.20,$24.30,$5.30,$14.50,$5.90,$4.60,$5.90,$9.20,$4.60,$10.50,$15.10,$0.00,$11.80,$17.70,$13.80,$13.80,$4.60,$0.00,$9.90,$11.80,$16.40,$4.60,$10.50,$15.10,$5.30,$5.90,$0.00,$22.40,$0.00,$20.40,$10.50,$5.90,$10.50,$15.80,$10.50,$4.60,$10.50,$4.60,$21.10,$25.10,$21.10,$4.60,$5.30,$13.80,$13.80,$10.50,$9.90,$4.60,$0.00,$0.00,$0.00,$4.60,$4.60,$9.20,$4.60,$4.60,$0.00,$5.90,$11.20,$4.60,$4.60,$9.20,$10.50,$21.00,$14.50,$23.70,$20.40,$28.90,$26.30,$40.10,$19.10,$9.20,$25.70,$40.80,$15.10,$32.20,$27.60,$10.50,$30.20,$25.70,$38.10,$44.00,$15.80,$11.80,$25.10,$14.50,$9.20,$19.80,$9.20,$19.10,$15.20,$4.60,$14.50,$19.10,$23.00,$5.30,$23.50,$35.00,$54.60,$23.70,$23.00,$19.10,$14.30,$4.60,$0.00,$0.00,$0.00,$0.00,$32.20,$18.40,$23.00,$43.50,$32.90,$20.30,$28.80,$32.20,$13.80,$47.40,$29.50,$35.30,$42.80,$37.50,$23.70,$13.80,$28.30,$4.60,$9.90,$24.20,$9.90,$14.50,$42.80,$56.60,$33.60,$32.90,$24.20,$28.80,$15.20,$58.00,$33.40,$23.70,$9.20,$57.80,$32.20,$75.50,$42.10,$60.50,$54.10,$24.20,$80.80,$39.40,$29.70,$43.50,$29.70,$29.70,$18.40,$35.00,$66.30,$32.90,$42.10,$20.30,$19.60,$20.50,$10.40,$0.00,$5.30,$4.60,$4.60,$63.10,$30.20,$31.20,$57.30,$15.20,$46.70,$57.30,$14.50,$84.90,$34.80,$75.60,$64.30,$23.50,$23.00,$19.10,$38.70,$9.20,$24.40,$19.10,$9.90,$15.90,$0.00,$0.00,$0.00,$0.00,$0.00,$0.00,$0.00,$0.00,$0.00,$0.00
Pastry,$0.00,$0.00,$0.00,$0.00,$0.00,$0.00,$0.00,$0.00,$0.00,$0.00,$0.00,$0.00,$0.00,$0.00,$0.00,$0.00,$0.00,$0.00,$0.00,$0.00,$0.00,$0.00,$0.00,$146.44,$194.65,$140.12,$178.27,$193.52,$174.42,$155.78,$185.61,$147.44,$225.59,$267.07,$269.09,$190.65,$130.06,$137.33,$157.23,$243.69,$241.59,$236.82,$168.24,$138.85,$141.49,$182.30,$93.14,$200.79,$206.81,$228.82,$162.36,$185.53,$170.76,$252.10,$234.72,$228.75,$136.72,$157.05,$143.11,$169.26,$250.29,$255.93,$256.46,$237.01,$241.14,$206.69,$276.74,$148.64,$145.90,$69.26,$79.83,$97.92,$36.59,$39.09,$78.95,$67.91,$128.14,$180.79,$134.76,$201.40,$211.80,$176.89,$239.90,$202.48,$200.33,$178.42,$236.56,$273.62,$172.94,$211.19,$177.11,$226.88,$171.88,$242.55,$180.78,$208.23,$356.92,$270.86,$241.90,$270.43,$224.53,$230.37,$306.15,$634.03,$545.96,$256.86,$281.15,$219.68,$224.25,$290.29,$446.27,$322.72,$311.93,$225.29,$203.71,$254.61,$217.36,$275.38,$333.70,$268.86,$220.76,$288.07,$272.28,$229.42,$285.46,$400.40,$234.22,$355.41,$293.69,$285.95,$282.44,$549.25,$530.27,$274.51,$168.01,$155.73,$117.38,$113.31,$79.81,$79.94,$135.80,$75.02,$110.97,$68.56,$89.61,$111.18,$113.23,$159.17,$69.79,$78.13,$64.93,$79.09,$69.18,$62.09,$68.02,$98.80,$58.09,$57.17,$77.88,$115.43,$64.10,$88.57,$120.57,$63.82,$80.91,$74.72,$76.55,$68.02,$29.97,$64.16,$113.21,$104.59,$64.71,$137.97,$95.68,$48.79,$88.95,$75.75,$58.58,$97.96,$88.15,$160.76,$130.31,$67.45,$112.17,$80.43,$98.13,$84.61,$78.47,$48.32,$61.22,$96.83,$75.82,$67.37,$81.14,$87.31,$66.55,$86.13,$89.33,$120.32,$77.40,$87.49,$107.69,$141.97,$93.27,$115.48,$98.25,$110.57,$134.58,$103.73,$122.16,$97.45,$200.72,$80.35,$104.34,$85.93,$79.47,$36.20,$44.02,$72.17,$65.97,$63.24,$47.86,$95.82,$64.07,$0.00,$82.99,$76.03,$75.43,$129.63,$184.32,$161.10,$191.52,$193.26,$317.42,$273.35,$225.39,$340.00,$219.79,$207.39,$213.76,$254.30,$187.50,$188.79,$260.26,$419.63,$188.41,$195.82,$192.65,$283.06,$274.19,$278.79,$248.74,$174.74,$253.16,$260.94,$231.47,$195.70,$302.48,$251.80,$186.59,$297.05,$213.14,$199.62,$234.09,$315.16,$253.25,$167.97,$186.25,$301.92,$245.06,$220.96,$282.54,$120.18,$0.00,$0.00,$0.00,$307.12,$308.45,$334.78,$350.66,$284.98,$196.32,$226.06,$285.33,$333.99,$294.73,$273.83,$220.93,$239.88,$261.95,$202.75,$297.84,$390.23,$265.46,$229.97,$241.38,$236.00,$237.66,$361.54,$258.45,$259.71,$233.88,$235.53,$233.88,$250.59,$496.16,$271.23,$237.27,$320.64,$271.25,$263.82,$209.42,$239.43,$223.45,$319.01,$162.32,$334.07,$162.09,$213.67,$215.74,$227.71,$200.94,$187.79,$273.88,$273.68,$155.05,$80.33,$78.59,$76.90,$100.57,$47.06,$90.02,$49.03,$54.32,$77.60,$180.00,$174.77,$139.90,$127.13,$136.59,$197.82,$204.76,$167.08,$185.60,$189.25,$385.73,$171.96,$169.07,$252.58,$236.77,$335.91,$166.60,$134.93,$145.80,$137.42,$35.87,$0.00,$0.00,$0.00,$0.00,$0.00,$0.00,$0.00,$0.00,$0.00,$0.00
RTD,$0.00,$0.00,$0.00,$0.00,$0.00,$0.00,$0.00,$0.00,$0.00,$0.00,$0.00,$0.00,$0.00,$0.00,$0.00,$0.00,$0.00,$0.00,$0.00,$0.00,$0.00,$0.00,$0.00,$4.19,$8.65,$7.32,$16.35,$7.32,$4.19,$4.19,$9.03,$12.43,$0.00,$4.19,$2.42,$4.19,$4.46,$7.32,$3.13,$6.88,$3.13,$9.03,$12.16,$0.00,$6.61,$13.11,$15.70,$7.32,$7.97,$4.84,$6.26,$0.00,$9.03,$9.74,$9.03,$11.45,$3.13,$0.00,$3.13,$4.19,$4.19,$13.87,$9.03,$2.42,$7.97,$19.42,$17.41,$4.19,$13.22,$0.00,$0.00,$3.13,$0.00,$0.00,$0.00,$0.00,$4.84,$0.00,$7.26,$4.19,$8.92,$4.19,$3.13,$4.19,$0.00,$0.00,$4.19,$5.55,$5.55,$4.84,$4.19,$15.26,$9.30,$0.00,$0.00,$2.42,$3.13,$4.84,$8.38,$13.52,$2.42,$18.06,$9.03,$15.56,$2.42,$12.16,$8.38,$6.88,$12.43,$15.29,$4.19,$4.19,$9.74,$0.00,$15.26,$0.00,$2.42,$21.90,$4.19,$3.13,$4.19,$0.00,$6.61,$8.38,$10.39,$11.45,$3.13,$13.22,$6.61,$10.80,$8.68,$29.43,$30.82,$5.55,$3.13,$0.00,$2.42,$0.00,$4.84,$7.97,$3.13,$0.00,$4.19,$4.46,$2.42,$4.19,$4.19,$13.49,$2.42,$0.00,$2.42,$2.42,$0.00,$0.00,$0.00,$2.42,$2.42,$5.55,$7.97,$0.00,$11.95,$7.26,$12.23,$14.14,$17.71,$11.45,$0.00,$7.97,$6.61,$12.94,$10.46,$7.26,$12.16,$22.24,$17.57,$7.39,$13.28,$6.63,$9.03,$15.22,$9.68,$10.76,$6.61,$6.70,$12.42,$0.00,$25.68,$9.30,$0.00,$4.84,$7.26,$2.42,$8.68,$10.39,$5.92,$2.42,$5.92,$11.51,$12.81,$31.49,$12.25,$0.00,$14.67,$6.40,$9.03,$9.03,$6.33,$3.13,$2.42,$12.50,$2.42,$12.81,$5.55,$4.84,$3.13,$3.13,$2.42,$2.42,$7.00,$6.61,$4.84,$2.42,$2.42,$2.42,$7.26,$0.00,$7.26,$10.76,$8.34,$14.30,$5.55,$6.61,$3.13,$2.42,$21.87,$16.62,$22.85,$9.05,$14.32,$23.25,$14.58,$14.58,$6.61,$11.19,$16.99,$6.88,$4.84,$0.00,$5.55,$21.60,$0.00,$12.80,$2.42,$12.43,$14.57,$7.26,$4.19,$4.19,$15.01,$15.23,$18.10,$9.03,$16.35,$6.61,$3.50,$18.19,$5.92,$4.84,$0.00,$12.15,$5.55,$6.63,$12.15,$0.00,$0.00,$0.00,$0.00,$3.50,$15.93,$12.53,$7.69,$10.13,$9.30,$6.61,$22.84,$10.01,$10.82,$11.45,$0.00,$3.50,$14.57,$5.92,$23.33,$11.84,$16.03,$2.42,$8.34,$2.42,$12.53,$9.42,$9.03,$3.50,$17.43,$13.18,$0.00,$15.91,$24.34,$6.61,$3.50,$6.61,$4.84,$6.61,$4.19,$22.68,$13.93,$6.61,$10.11,$6.63,$4.19,$5.92,$4.46,$0.00,$2.42,$6.61,$8.34,$11.51,$3.13,$10.76,$9.74,$4.84,$0.00,$5.92,$4.19,$0.00,$3.50,$2.42,$3.50,$0.00,$9.03,$18.45,$4.19,$5.92,$0.00,$10.80,$15.92,$11.45,$6.61,$6.88,$12.55,$10.11,$12.16,$2.42,$0.00,$13.61,$6.61,$2.42,$5.92,$0.00,$0.00,$0.00,$0.00,$0.00,$0.00,$0.00,$0.00,$0.00,$0.00
Teas,$0.00,$0.00,$0.00,$0.00,$0.00,$0.00,$0.00,$0.00,$0.00,$0.00,$0.00,$0.00,$0.00,$0.00,$0.00,$0.00,$0.00,$0.00,$0.00,$0.00,$0.00,$0.00,$0.00,$378.13,$365.98,$355.76,$402.22,$346.22,$602.09,$755.16,$916.38,$416.09,$376.55,$506.66,$461.49,$424.25,$357.05,$373.19,$343.75,$340.92,$413.49,$382.46,$235.79,$232.16,$335.62,$321.92,$433.15,$460.05,$472.91,$388.12,$350.48,$465.88,$344.65,$402.83,$562.94,$545.57,$262.33,$417.25,$442.72,$467.06,$231.16,$478.90,$553.31,$386.69,$246.53,$277.23,$330.83,$125.50,$101.33,$47.40,$73.00,$61.53,$17.80,$48.70,$86.10,$68.43,$92.90,$294.06,$292.66,$301.13,$340.26,$348.12,$337.73,$371.06,$284.06,$304.39,$268.90,$373.46,$413.93,$321.40,$368.40,$286.16,$310.26,$292.30,$450.13,$254.46,$398.70,$354.96,$321.40,$317.83,$282.40,$341.56,$393.32,$597.85,$563.09,$445.70,$455.76,$429.70,$311.80,$429.32,$394.13,$411.13,$339.50,$259.43,$329.63,$328.50,$296.90,$429.20,$372.13,$328.19,$442.30,$352.10,$395.20,$471.43,$399.08,$377.60,$425.50,$463.60,$399.70,$425.23,$648.53,$490.30,$390.59,$147.10,$212.23,$107.70,$107.30,$110.20,$122.93,$77.40,$107.30,$68.10,$41.80,$142.90,$81.10,$81.30,$122.80,$97.60,$100.83,$81.00,$80.70,$82.10,$92.60,$72.63,$95.53,$88.60,$69.20,$115.86,$63.93,$150.00,$107.30,$84.13,$143.50,$59.93,$103.20,$109.00,$75.20,$101.40,$51.30,$166.03,$200.83,$90.80,$118.30,$113.10,$120.40,$58.30,$67.80,$123.23,$138.13,$134.23,$114.30,$122.60,$68.83,$66.80,$67.36,$67.70,$92.10,$130.60,$103.80,$129.26,$68.70,$125.60,$88.83,$143.53,$208.51,$125.80,$110.25,$99.48,$73.90,$86.30,$132.31,$65.33,$148.15,$97.38,$81.80,$93.10,$123.70,$92.40,$177.60,$109.20,$101.35,$90.85,$65.60,$78.55,$45.70,$67.95,$92.95,$22.00,$45.80,$11.20,$40.25,$57.55,$30.30,$52.55,$34.10,$0.00,$29.60,$59.20,$103.95,$122.13,$155.20,$157.41,$186.95,$193.85,$204.78,$194.50,$466.21,$484.40,$562.55,$348.73,$279.65,$205.83,$298.55,$339.43,$343.53,$354.85,$304.65,$270.84,$350.80,$339.33,$381.78,$270.33,$269.98,$255.48,$342.96,$388.43,$335.78,$336.13,$370.73,$241.78,$211.75,$364.28,$293.46,$324.61,$390.65,$283.10,$247.13,$314.00,$298.75,$475.23,$278.01,$331.23,$356.23,$91.55,$0.00,$0.00,$0.00,$373.84,$355.50,$358.93,$275.35,$275.93,$390.56,$320.10,$397.26,$221.20,$409.28,$256.95,$326.53,$317.68,$343.65,$331.80,$353.55,$248.35,$346.30,$287.71,$257.13,$356.20,$324.95,$342.93,$364.20,$263.73,$327.43,$322.18,$235.91,$272.06,$356.20,$233.90,$162.20,$224.08,$467.43,$329.40,$261.43,$249.75,$363.74,$310.10,$256.81,$191.96,$213.04,$243.78,$237.21,$255.11,$221.41,$264.08,$298.14,$193.28,$158.81,$65.05,$51.75,$106.00,$78.88,$36.73,$54.65,$27.00,$29.80,$57.10,$114.93,$145.85,$187.85,$217.64,$218.91,$179.40,$372.65,$279.33,$244.00,$172.83,$504.16,$257.13,$183.33,$372.95,$205.20,$343.58,$131.95,$128.30,$89.88,$118.70,$38.90,$0.00,$0.00,$0.00,$0.00,$0.00,$0.00,$0.00,$0.00,$0.00,$0.00
Signature Drinks,$0.00,$0.00,$0.00,$0.00,$0.00,$0.00,$0.00,$0.00,$0.00,$0.00,$0.00,$0.00,$0.00,$0.00,$0.00,$0.00,$0.00,$0.00,$0.00,$0.00,$0.00,$0.00,$0.00,$0.00,$14.36,$15.71,$34.67,$27.57,$29.37,$49.82,$45.08,$30.72,$10.27,$25.38,$29.60,$44.47,$25.28,$20.31,$27.42,$32.02,$72.89,$20.68,$16.92,$21.52,$14.87,$14.26,$10.04,$16.32,$25.74,$19.33,$24.53,$52.48,$58.61,$53.40,$15.71,$61.77,$53.19,$38.68,$18.74,$27.80,$37.23,$27.20,$45.45,$16.32,$20.54,$4.83,$19.70,$0.00,$0.00,$15.10,$0.00,$21.15,$0.00,$16.32,$0.00,$30.83,$24.18,$22.36,$21.75,$5.44,$11.48,$4.83,$26.59,$34.45,$30.20,$0.00,$4.83,$22.36,$33.23,$25.98,$31.42,$27.20,$17.53,$5.44,$10.27,$0.00,$33.23,$4.83,$24.18,$40.47,$39.28,$21.76,$15.71,$19.95,$38.07,$22.36,$21.15,$45.93,$21.76,$20.54,$39.28,$43.50,$32.03,$0.00,$25.37,$27.19,$16.32,$43.50,$22.97,$59.82,$42.91,$27.80,$62.23,$40.47,$47.73,$29.59,$47.15,$26.59,$38.67,$16.32,$42.90,$54.38,$22.97,$36.85,$17.53,$27.19,$4.83,$26.59,$10.27,$16.31,$15.10,$12.09,$10.88,$0.00,$4.83,$10.27,$5.44,$5.44,$9.66,$5.44,$6.65,$0.00,$0.00,$14.49,$22.36,$4.83,$0.00,$0.00,$0.00,$10.27,$29.01,$11.48,$16.32,$4.83,$0.00,$32.02,$16.31,$14.49,$9.66,$4.83,$16.92,$5.44,$0.00,$10.27,$4.83,$0.00,$5.44,$9.66,$16.31,$10.27,$0.00,$9.66,$4.83,$14.49,$12.09,$0.00,$9.66,$4.83,$0.00,$0.00,$0.00,$4.83,$9.66,$15.10,$0.00,$0.00,$14.49,$10.27,$10.27,$16.92,$0.00,$4.83,$12.09,$10.88,$9.66,$4.83,$15.10,$15.10,$21.15,$16.92,$0.00,$0.00,$0.00,$0.00,$5.44,$27.79,$21.15,$5.44,$5.44,$4.83,$0.00,$0.00,$0.00,$10.27,$5.44,$0.00,$10.27,$4.83,$31.42,$5.44,$0.00,$4.83,$5.44,$10.88,$47.13,$20.54,$62.86,$59.23,$26.59,$29.62,$0.00,$16.32,$10.88,$21.76,$21.76,$22.97,$29.62,$10.88,$55.61,$32.64,$50.17,$50.77,$52.59,$261.80,$175.30,$183.30,$301.70,$299.80,$474.50,$184.10,$202.40,$202.40,$194.60,$311.60,$282.60,$274.60,$234.80,$183.80,$166.70,$276.30,$206.50,$425.10,$321.50,$123.70,$0.00,$0.00,$0.00,$273.60,$345.40,$463.50,$312.70,$389.00,$673.10,$218.20,$325.70,$272.90,$420.80,$161.80,$215.20,$293.30,$319.10,$237.30,$294.20,$397.90,$345.70,$239.50,$268.30,$349.50,$360.60,$590.30,$485.30,$247.20,$215.50,$303.90,$287.40,$362.10,$469.70,$333.70,$187.70,$121.20,$217.80,$353.70,$313.40,$250.70,$438.20,$132.10,$120.70,$112.40,$123.80,$200.00,$279.40,$202.90,$142.80,$159.10,$195.50,$191.60,$174.80,$67.70,$89.10,$85.60,$27.40,$33.70,$47.70,$6.90,$53.30,$94.00,$137.50,$142.40,$111.30,$134.90,$188.50,$118.70,$149.90,$218.80,$225.00,$170.10,$423.90,$263.00,$238.20,$333.60,$168.90,$194.10,$179.90,$115.00,$99.70,$26.70,$67.10,$0.00,$0.00,$0.00,$0.00,$0.00,$0.00,$0.00,$0.00,$0.00,$0.00
BakeLab,$0.00,$0.00,$0.00,$0.00,$0.00,$0.00,$0.00,$0.00,$0.00,$0.00,$0.00,$0.00,$0.00,$0.00,$0.00,$0.00,$0.00,$0.00,$0.00,$0.00,$0.00,$0.00,$0.00,$0.00,$0.00,$4.25,$0.00,$0.00,$0.00,$95.30,$62.80,$55.30,$106.95,$81.85,$91.05,$25.00,$56.15,$86.65,$65.10,$92.10,$92.30,$109.35,$4.25,$62.00,$101.30,$36.05,$85.55,$148.35,$161.75,$29.75,$73.10,$74.75,$105.75,$103.25,$93.25,$104.75,$46.75,$77.75,$72.75,$137.25,$79.75,$124.50,$145.75,$11.75,$47.00,$85.50,$114.75,$59.25,$52.25,$47.50,$14.00,$29.75,$11.75,$51.00,$47.25,$48.50,$63.25,$42.50,$94.25,$92.50,$100.75,$170.25,$144.25,$124.00,$56.00,$86.25,$68.75,$93.75,$117.50,$111.50,$183.75,$26.00,$99.00,$67.00,$90.75,$121.25,$145.75,$111.25,$9.50,$106.50,$116.75,$138.75,$157.25,$153.00,$147.25,$0.00,$89.50,$123.00,$77.25,$88.50,$153.50,$133.50,$14.25,$67.25,$108.75,$85.25,$169.50,$190.25,$188.75,$14.25,$87.25,$115.25,$104.50,$117.75,$192.50,$115.75,$68.75,$94.25,$90.25,$175.00,$213.25,$237.25,$213.25,$21.50,$47.50,$15.00,$46.00,$15.00,$53.75,$41.00,$6.00,$57.75,$29.75,$41.50,$59.00,$31.00,$47.50,$21.25,$76.00,$65.75,$50.50,$88.00,$29.00,$80.75,$25.00,$47.50,$38.00,$57.75,$44.50,$39.50,$46.75,$73.50,$98.00,$58.50,$78.25,$52.50,$70.00,$97.50,$60.25,$76.25,$67.00,$79.00,$65.00,$68.00,$73.25,$24.25,$69.25,$71.25,$80.50,$73.25,$100.00,$74.75,$58.00,$57.75,$63.75,$82.50,$106.25,$69.50,$87.75,$45.50,$66.50,$85.00,$32.50,$60.25,$71.25,$80.00,$49.50,$71.25,$108.00,$73.25,$34.75,$62.50,$80.00,$40.50,$57.50,$104.00,$76.25,$52.00,$82.50,$60.25,$53.25,$54.00,$34.50,$58.50,$49.00,$61.50,$29.50,$36.75,$58.25,$18.75,$30.25,$51.50,$56.00,$37.50,$31.00,$0.00,$40.50,$24.00,$28.50,$59.50,$119.00,$40.25,$111.15,$124.45,$207.60,$130.10,$237.30,$147.85,$86.00,$167.75,$78.75,$122.00,$143.25,$181.00,$182.50,$20.50,$112.25,$89.75,$126.00,$92.75,$192.00,$146.50,$7.00,$103.50,$111.50,$104.75,$116.75,$209.50,$223.00,$60.00,$95.75,$100.50,$116.75,$110.75,$150.75,$116.25,$44.50,$104.25,$102.75,$116.00,$86.00,$190.00,$118.75,$36.50,$0.00,$0.00,$0.00,$0.00,$168.75,$132.00,$24.50,$105.25,$142.75,$127.75,$105.25,$201.50,$267.25,$51.00,$119.00,$97.75,$117.25,$174.50,$187.25,$167.50,$0.00,$164.85,$102.50,$157.50,$130.75,$222.25,$168.25,$18.75,$133.00,$94.25,$130.50,$199.50,$202.25,$182.25,$16.00,$99.25,$147.25,$151.50,$149.50,$171.75,$192.00,$39.00,$122.50,$221.25,$192.00,$254.00,$221.75,$185.50,$75.00,$194.25,$181.50,$192.25,$207.75,$108.00,$143.25,$39.25,$14.25,$44.50,$21.50,$0.00,$0.00,$31.25,$0.00,$121.00,$155.75,$166.25,$194.75,$157.00,$183.25,$63.00,$125.25,$89.00,$213.75,$142.75,$121.00,$182.50,$35.50,$15.00,$0.00,$64.25,$15.25,$0.00,$33.75,$0.00,$0.00,$0.00,$0.00,$0.00,$0.00,$0.00,$0.00,$0.00,$0.00
Hario,$0.00,$0.00,$0.00,$0.00,$0.00,$0.00,$0.00,$0.00,$0.00,$0.00,$0.00,$0.00,$0.00,$0.00,$0.00,$0.00,$0.00,$0.00,$0.00,$0.00,$0.00,$0.00,$0.00,$0.00,$0.00,$0.00,$0.00,$49.99,$0.00,$0.00,$30.00,$12.99,$0.00,$0.00,$0.00,$0.00,$0.00,$0.00,$0.00,$0.00,$0.00,$0.00,$12.99,$0.00,$0.00,$0.00,$0.00,$0.00,$12.99,$0.00,$0.00,$0.00,$0.00,$0.00,$0.00,$12.99,$0.00,$0.00,$0.00,$0.00,$0.00,$6.99,$0.00,$0.00,$0.00,$0.00,$6.99,$0.00,$0.00,$0.00,$0.00,$0.00,$0.00,$0.00,$49.99,$0.00,$0.00,$0.00,$0.00,$0.00,$12.99,$0.00,$0.00,$42.99,$0.00,$0.00,$0.00,$0.00,$0.00,$0.00,$0.00,$0.00,$12.99,$25.98,$0.00,$0.00,$0.00,$0.00,$0.00,$19.98,$0.00,$0.00,$0.00,$0.00,$0.00,$0.00,$12.99,$0.00,$0.00,$0.00,$0.00,$0.00,$0.00,$0.00,$0.00,$0.00,$0.00,$0.00,$0.00,$0.00,$0.00,$0.00,$0.00,$0.00,$0.00,$0.00,$0.00,$12.99,$0.00,$0.00,$0.00,$0.00,$12.99,$12.99,$0.00,$0.00,$0.00,$0.00,$0.00,$0.00,$0.00,$0.00,$0.00,$0.00,$0.00,$0.00,$0.00,$0.00,$0.00,$12.99,$0.00,$0.00,$0.00,$0.00,$0.00,$0.00,$0.00,$0.00,$0.00,$0.00,$0.00,$0.00,$0.00,$42.99,$0.00,$0.00,$0.00,$12.99,$0.00,$0.00,$0.00,$0.00,$0.00,$0.00,$0.00,$0.00,$0.00,$0.00,$0.00,$0.00,$0.00,$0.00,$0.00,$0.00,$0.00,$0.00,$0.00,$0.00,$0.00,$0.00,$0.00,$0.00,$0.00,$0.00,$0.00,$0.00,$0.00,$0.00,$0.00,$0.00,$0.00,$0.00,$0.00,$0.00,$0.00,$0.00,$12.99,$12.99,$0.00,$0.00,$0.00,$0.00,$0.00,$0.00,$0.00,$0.00,$0.00,$0.00,$0.00,$0.00,$0.00,$0.00,$0.00,$0.00,$0.00,$0.00,$12.99,$12.99,$0.00,$0.00,$0.00,$0.00,$0.00,$0.00,$0.00,$0.00,$0.00,$0.00,$0.00,$0.00,$0.00,$0.00,$0.00,$12.99,$0.00,$0.00,$0.00,$0.00,$0.00,$0.00,$0.00,$12.99,$0.00,$0.00,$0.00,$0.00,$0.00,$0.00,$12.99,$12.99,$12.99,$0.00,$0.00,$0.00,$0.00,$0.00,$0.00,$0.00,$0.00,$0.00,$0.00,$0.00,$0.00,$0.00,$0.00,$0.00,$0.00,$12.99,$0.00,$0.00,$0.00,$0.00,$0.00,$0.00,$0.00,$12.99,$0.00,$0.00,$0.00,$0.00,$0.00,$0.00,$0.00,$0.00,$0.00,$0.00,$0.00,$0.00,$0.00,$0.00,$25.98,$12.99,$0.00,$0.00,$0.00,$0.00,$0.00,$0.00,$0.00,$0.00,$0.00,$12.99,$0.00,$0.00,$0.00,$0.00,$0.00,$0.00,$12.99,$0.00,$0.00,$0.00,$0.00,$0.00,$0.00,$0.00,$0.00,$0.00,$0.00,$0.00,$0.00,$0.00,$0.00,$0.00,$0.00,$0.00,$0.00,$0.00,$0.00,$0.00,$0.00,$0.00,$0.00,$0.00,$12.99,$0.00,$0.00,$0.00,$0.00,$0.00,$0.00,$12.99,$0.00,$0.00,$0.00,$0.00,$0.00,$0.00,$0.00,$0.00,$0.00,$0.00,$0.00,$0.00,$0.00,$0.00,$0.00
Brewlab Retail,$0.00,$0.00,$0.00,$0.00,$0.00,$0.00,$0.00,$0.00,$0.00,$0.00,$0.00,$0.00,$0.00,$0.00,$0.00,$0.00,$0.00,$0.00,$0.00,$0.00,$0.00,$0.00,$0.00,$0.00,$0.00,$0.00,$0.00,$0.00,$11.99,$0.00,$0.00,$0.00,$23.98,$0.00,$0.00,$0.00,$24.98,$0.00,$0.00,$0.00,$0.00,$11.99,$0.00,$0.00,$0.00,$0.00,$0.00,$11.99,$0.00,$0.00,$0.00,$0.00,$0.00,$0.00,$0.00,$0.00,$0.00,$0.00,$0.00,$12.99,$11.99,$47.96,$0.00,$0.00,$0.00,$12.99,$0.00,$0.00,$11.99,$0.00,$0.00,$0.00,$0.00,$0.00,$0.00,$0.00,$0.00,$0.00,$0.00,$0.00,$0.00,$0.00,$0.00,$0.00,$11.99,$0.00,$0.00,$0.00,$0.00,$0.00,$11.99,$0.00,$0.00,$0.00,$0.00,$0.00,$11.99,$0.00,$0.00,$0.00,$0.00,$0.00,$0.00,$11.99,$0.00,$0.00,$0.00,$0.00,$0.00,$0.00,$0.00,$0.00,$12.99,$0.00,$24.98,$0.00,$0.00,$11.99,$0.00,$0.00,$11.99,$0.00,$0.00,$0.00,$0.00,$0.00,$0.00,$0.00,$0.00,$24.98,$0.00,$0.00,$11.99,$35.97,$0.00,$0.00,$0.00,$0.00,$0.00,$0.00,$0.00,$0.00,$0.00,$0.00,$0.00,$0.00,$0.00,$0.00,$0.00,$0.00,$0.00,$0.00,$0.00,$0.00,$0.00,$0.00,$0.00,$0.00,$0.00,$0.00,$0.00,$0.00,$0.00,$0.00,$0.00,$0.00,$0.00,$0.00,$0.00,$0.00,$0.00,$0.00,$0.00,$0.00,$0.00,$0.00,$0.00,$0.00,$0.00,$0.00,$0.00,$0.00,$0.00,$0.00,$12.99,$0.00,$0.00,$0.00,$0.00,$0.00,$0.00,$0.00,$0.00,$0.00,$0.00,$0.00,$0.00,$0.00,$0.00,$0.00,$0.00,$0.00,$0.00,$0.00,$0.00,$0.00,$0.00,$0.00,$0.00,$0.00,$0.00,$0.00,$0.00,$0.00,$0.00,$0.00,$0.00,$0.00,$0.00,$0.00,$0.00,$0.00,$0.00,$0.00,$0.00,$0.00,$0.00,$0.00,$0.00,$0.00,$0.00,$0.00,$12.99,$0.00,$0.00,$0.00,$0.00,$0.00,$0.00,$0.00,$0.00,$0.00,$0.00,$0.00,$0.00,$0.00,$0.00,$0.00,$0.00,$0.00,$0.00,$0.00,$0.00,$0.00,$0.00,$0.00,$0.00,$0.00,$0.00,$0.00,$0.00,$0.00,$0.00,$0.00,$0.00,$0.00,$0.00,$0.00,$0.00,$0.00,$0.00,$0.00,$0.00,$0.00,$0.00,$0.00,$0.00,$0.00,$0.00,$0.00,$0.00,$0.00,$0.00,$0.00,$0.00,$0.00,$0.00,$0.00,$0.00,$0.00,$0.00,$0.00,$0.00,$0.00,$0.00,$0.00,$0.00,$0.00,$0.00,$0.00,$0.00,$0.00,$0.00,$0.00,$0.00,$0.00,$0.00,$0.00,$0.00,$0.00,$0.00,$0.00,$0.00,$0.00,$0.00,$0.00,$0.00,$0.00,$0.00,$0.00,$0.00,$0.00,$0.00,$0.00,$0.00,$0.00,$0.00,$12.99,$0.00,$0.00,$0.00,$0.00,$0.00,$0.00,$0.00,$0.00,$0.00,$0.00,$0.00,$12.99,$0.00,$0.00,$12.99,$12.99,$0.00,$0.00,$0.00,$0.00,$0.00,$0.00,$0.00,$0.00,$0.00,$0.00,$0.00,$0.00,$0.00,$0.00,$0.00,$0.00,$0.00,$0.00,$0.00,$0.00,$0.00,$0.00,$0.00
Valentine’s,$0.00,$0.00,$0.00,$0.00,$0.00,$0.00,$0.00,$0.00,$0.00,$0.00,$0.00,$0.00,$0.00,$0.00,$0.00,$0.00,$0.00,$0.00,$0.00,$0.00,$0.00,$0.00,$0.00,$0.00,$0.00,$0.00,$0.00,$0.00,$0.00,$0.00,$0.00,$0.00,$0.00,$0.00,$0.00,$0.00,$0.00,$0.00,$21.80,$265.50,$247.90,$306.40,$175.10,$157.80,$481.20,$97.30,$94.00,$97.40,$54.20,$125.50,$50.70,$106.60,$65.10,$60.40,$20.00,$33.90,$99.70,$68.40,$138.10,$129.60,$0.00,$0.00,$0.00,$0.00,$0.00,$0.00,$0.00,$0.00,$0.00,$0.00,$0.00,$0.00,$0.00,$0.00,$0.00,$0.00,$0.00,$0.00,$0.00,$0.00,$0.00,$0.00,$0.00,$0.00,$0.00,$0.00,$0.00,$0.00,$0.00,$0.00,$0.00,$0.00,$0.00,$0.00,$0.00,$0.00,$0.00,$0.00,$0.00,$0.00,$0.00,$0.00,$0.00,$0.00,$0.00,$0.00,$0.00,$0.00,$0.00,$0.00,$0.00,$0.00,$0.00,$0.00,$0.00,$0.00,$0.00,$0.00,$0.00,$0.00,$0.00,$0.00,$0.00,$0.00,$0.00,$0.00,$0.00,$0.00,$0.00,$6.60,$0.00,$6.60,$0.00,$0.00,$0.00,$0.00,$0.00,$0.00,$0.00,$0.00,$0.00,$0.00,$0.00,$0.00,$0.00,$0.00,$0.00,$0.00,$0.00,$0.00,$0.00,$0.00,$0.00,$0.00,$0.00,$0.00,$0.00,$0.00,$0.00,$0.00,$0.00,$0.00,$0.00,$0.00,$0.00,$0.00,$0.00,$0.00,$0.00,$0.00,$0.00,$0.00,$0.00,$0.00,$0.00,$0.00,$0.00,$0.00,$0.00,$0.00,$0.00,$0.00,$0.00,$0.00,$0.00,$0.00,$0.00,$0.00,$0.00,$0.00,$0.00,$0.00,$0.00,$0.00,$0.00,$0.00,$0.00,$0.00,$0.00,$0.00,$0.00,$0.00,$0.00,$0.00,$0.00,$0.00,$0.00,$0.00,$0.00,$0.00,$0.00,$0.00,$0.00,$0.00,$0.00,$0.00,$0.00,$0.00,$0.00,$0.00,$0.00,$0.00,$0.00,$0.00,$0.00,$0.00,$0.00,$0.00,$0.00,$0.00,$0.00,$0.00,$0.00,$0.00,$0.00,$0.00,$0.00,$0.00,$0.00,$0.00,$0.00,$0.00,$0.00,$0.00,$0.00,$0.00,$0.00,$0.00,$0.00,$0.00,$0.00,$0.00,$0.00,$0.00,$0.00,$0.00,$0.00,$0.00,$0.00,$0.00,$0.00,$0.00,$0.00,$0.00,$0.00,$0.00,$0.00,$0.00,$0.00,$0.00,$0.00,$0.00,$0.00,$0.00,$0.00,$0.00,$0.00,$0.00,$0.00,$0.00,$0.00,$0.00,$0.00,$0.00,$0.00,$0.00,$0.00,$0.00,$0.00,$0.00,$0.00,$0.00,$0.00,$0.00,$0.00,$0.00,$0.00,$0.00,$0.00,$0.00,$0.00,$0.00,$0.00,$0.00,$0.00,$0.00,$0.00,$0.00,$0.00,$0.00,$0.00,$0.00,$0.00,$0.00,$0.00,$0.00,$0.00,$0.00,$0.00,$0.00,$0.00,$0.00,$0.00,$0.00,$0.00,$0.00,$0.00,$0.00,$0.00,$0.00,$0.00,$0.00,$0.00,$0.00,$0.00,$0.00,$0.00,$0.00,$0.00,$0.00,$0.00,$0.00,$0.00,$0.00,$0.00,$0.00,$0.00,$0.00,$0.00,$0.00,$0.00,$0.00,$0.00,$0.00,$0.00,$0.00,$0.00,$0.00,$0.00,$0.00,$0.00,$0.00,$0.00,$0.00,$0.00,$0.00,$0.00
Chemex,$0.00,$0.00,$0.00,$0.00,$0.00,$0.00,$0.00,$0.00,$0.00,$0.00,$0.00,$0.00,$0.00,$0.00,$0.00,$0.00,$0.00,$0.00,$0.00,$0.00,$0.00,$0.00,$0.00,$0.00,$0.00,$0.00,$0.00,$0.00,$0.00,$0.00,$0.00,$0.00,$0.00,$0.00,$0.00,$0.00,$0.00,$0.00,$0.00,$0.00,$0.00,$0.00,$0.00,$0.00,$0.00,$20.90,$0.00,$0.00,$0.00,$0.00,$0.00,$0.00,$0.00,$0.00,$0.00,$0.00,$0.00,$0.00,$10.45,$0.00,$0.00,$0.00,$57.43,$0.00,$0.00,$0.00,$10.45,$0.00,$0.00,$0.00,$0.00,$0.00,$0.00,$0.00,$0.00,$0.00,$0.00,$0.00,$0.00,$0.00,$0.00,$0.00,$0.00,$0.00,$0.00,$0.00,$0.00,$0.00,$0.00,$0.00,$0.00,$0.00,$0.00,$49.14,$0.00,$0.00,$0.00,$0.00,$0.00,$0.00,$0.00,$0.00,$0.00,$0.00,$0.00,$0.00,$0.00,$0.00,$0.00,$0.00,$0.00,$0.00,$0.00,$0.00,$46.98,$0.00,$0.00,$0.00,$0.00,$0.00,$0.00,$0.00,$49.14,$0.00,$0.00,$0.00,$0.00,$0.00,$0.00,$0.00,$0.00,$0.00,$0.00,$0.00,$0.00,$0.00,$0.00,$0.00,$0.00,$0.00,$0.00,$0.00,$0.00,$0.00,$0.00,$0.00,$0.00,$0.00,$0.00,$0.00,$0.00,$49.14,$0.00,$0.00,$0.00,$0.00,$0.00,$0.00,$0.00,$0.00,$0.00,$0.00,$0.00,$0.00,$0.00,$0.00,$0.00,$0.00,$0.00,$0.00,$0.00,$0.00,$0.00,$49.14,$0.00,$0.00,$0.00,$0.00,$0.00,$0.00,$0.00,$0.00,$0.00,$0.00,$0.00,$0.00,$0.00,$0.00,$0.00,$0.00,$0.00,$0.00,$0.00,$0.00,$0.00,$0.00,$0.00,$0.00,$0.00,$0.00,$0.00,$0.00,$0.00,$0.00,$0.00,$0.00,$0.00,$0.00,$0.00,$0.00,$0.00,$0.00,$0.00,$0.00,$0.00,$0.00,$0.00,$0.00,$0.00,$0.00,$0.00,$0.00,$0.00,$0.00,$0.00,$0.00,$0.00,$0.00,$0.00,$0.00,$0.00,$0.00,$0.00,$0.00,$0.00,$0.00,$0.00,$0.00,$0.00,$0.00,$0.00,$0.00,$0.00,$0.00,$0.00,$0.00,$0.00,$0.00,$0.00,$0.00,$0.00,$49.14,$0.00,$0.00,$0.00,$0.00,$0.00,$49.14,$0.00,$0.00,$0.00,$0.00,$0.00,$0.00,$0.00,$0.00,$0.00,$0.00,$0.00,$0.00,$0.00,$0.00,$0.00,$0.00,$0.00,$0.00,$0.00,$0.00,$0.00,$0.00,$0.00,$0.00,$0.00,$0.00,$0.00,$0.00,$0.00,$0.00,$0.00,$0.00,$0.00,$0.00,$0.00,$0.00,$0.00,$0.00,$0.00,$0.00,$0.00,$0.00,$0.00,$0.00,$0.00,$0.00,$0.00,$0.00,$0.00,$0.00,$0.00,$0.00,$0.00,$0.00,$0.00,$0.00,$0.00,$0.00,$0.00,$0.00,$0.00,$0.00,$0.00,$0.00,$0.00,$0.00,$0.00,$0.00,$0.00,$0.00,$0.00,$0.00,$0.00,$0.00,$0.00,$0.00,$0.00,$0.00,$0.00,$0.00,$0.00,$0.00,$0.00,$0.00,$0.00,$0.00,$0.00,$0.00,$0.00,$0.00,$0.00,$0.00,$0.00,$0.00,$0.00,$0.00,$0.00,$0.00,$0.00,$0.00,$0.00,$0.00,$0.00,$0.00,$0.00,$0.00,$0.00,$0.00,$0.00
Fattse,$0.00,$0.00,$0.00,$0.00,$0.00,$0.00,$0.00,$0.00,$0.00,$0.00,$0.00,$0.00,$0.00,$0.00,$0.00,$0.00,$0.00,$0.00,$0.00,$0.00,$0.00,$0.00,$0.00,$0.00,$0.00,$0.00,$0.00,$0.00,$0.00,$0.00,$0.00,$0.00,$0.00,$0.00,$0.00,$0.00,$0.00,$0.00,$0.00,$0.00,$0.00,$0.00,$0.00,$0.00,$0.00,$0.00,$0.00,$0.00,$0.00,$0.00,$0.00,$0.00,$0.00,$0.00,$0.00,$0.00,$0.00,$0.00,$0.00,$20.00,$0.00,$0.00,$0.00,$0.00,$0.00,$0.00,$0.00,$0.00,$0.00,$0.00,$0.00,$0.00,$0.00,$0.00,$35.00,$0.00,$0.00,$0.00,$0.00,$0.00,$0.00,$30.00,$0.00,$0.00,$0.00,$0.00,$0.00,$0.00,$0.00,$0.00,$0.00,$10.00,$0.00,$0.00,$0.00,$0.00,$0.00,$0.00,$0.00,$0.00,$0.00,$0.00,$0.00,$0.00,$0.00,$0.00,$0.00,$0.00,$0.00,$0.00,$0.00,$0.00,$0.00,$0.00,$0.00,$0.00,$35.00,$0.00,$0.00,$0.00,$0.00,$0.00,$0.00,$0.00,$0.00,$0.00,$0.00,$0.00,$0.00,$0.00,$0.00,$0.00,$0.00,$0.00,$0.00,$0.00,$0.00,$0.00,$0.00,$0.00,$0.00,$0.00,$0.00,$0.00,$0.00,$0.00,$0.00,$0.00,$0.00,$0.00,$0.00,$0.00,$0.00,$0.00,$0.00,$0.00,$0.00,$0.00,$0.00,$0.00,$0.00,$0.00,$0.00,$0.00,$0.00,$0.00,$0.00,$0.00,$0.00,$0.00,$0.00,$0.00,$0.00,$0.00,$0.00,$0.00,$0.00,$0.00,$0.00,$0.00,$0.00,$0.00,$0.00,$0.00,$0.00,$0.00,$0.00,$0.00,$0.00,$0.00,$0.00,$0.00,$0.00,$0.00,$0.00,$0.00,$0.00,$0.00,$0.00,$0.00,$0.00,$0.00,$0.00,$0.00,$0.00,$0.00,$0.00,$0.00,$0.00,$0.00,$0.00,$0.00,$0.00,$0.00,$0.00,$0.00,$10.00,$0.00,$0.00,$0.00,$0.00,$0.00,$0.00,$0.00,$0.00,$0.00,$0.00,$0.00,$0.00,$0.00,$0.00,$0.00,$0.00,$0.00,$0.00,$0.00,$0.00,$0.00,$0.00,$0.00,$0.00,$0.00,$0.00,$0.00,$0.00,$0.00,$0.00,$0.00,$0.00,$0.00,$0.00,$0.00,$0.00,$0.00,$0.00,$0.00,$0.00,$0.00,$0.00,$0.00,$0.00,$0.00,$0.00,$0.00,$0.00,$0.00,$0.00,$0.00,$0.00,$0.00,$0.00,$0.00,$0.00,$0.00,$0.00,$0.00,$0.00,$0.00,$0.00,$0.00,$0.00,$0.00,$0.00,$0.00,$0.00,$0.00,$0.00,$0.00,$0.00,$0.00,$0.00,$0.00,$0.00,$0.00,$0.00,$0.00,$0.00,$0.00,$0.00,$0.00,$0.00,$0.00,$0.00,$0.00,$0.00,$0.00,$0.00,$0.00,$0.00,$0.00,$0.00,$0.00,$0.00,$0.00,$0.00,$0.00,$0.00,$0.00,$0.00,$0.00,$0.00,$0.00,$0.00,$0.00,$0.00,$0.00,$0.00,$0.00,$0.00,$0.00,$0.00,$0.00,$0.00,$0.00,$0.00,$0.00,$0.00,$0.00,$0.00,$0.00,$0.00,$0.00,$0.00,$0.00,$0.00,$0.00,$0.00,$0.00,$0.00,$0.00,$0.00,$0.00,$0.00,$0.00,$0.00,$0.00,$0.00,$0.00,$0.00,$0.00,$0.00,$0.00,$0.00,$0.00,$0.00,$0.00,$0.00
Matcha Madness,$0.00,$0.00,$0.00,$0.00,$0.00,$0.00,$0.00,$0.00,$0.00,$0.00,$0.00,$0.00,$0.00,$0.00,$0.00,$0.00,$0.00,$0.00,$0.00,$0.00,$0.00,$0.00,$0.00,$0.00,$0.00,$0.00,$0.00,$0.00,$0.00,$0.00,$0.00,$0.00,$0.00,$0.00,$0.00,$0.00,$0.00,$0.00,$0.00,$0.00,$0.00,$0.00,$0.00,$0.00,$0.00,$0.00,$0.00,$0.00,$0.00,$0.00,$0.00,$0.00,$0.00,$0.00,$0.00,$0.00,$0.00,$0.00,$0.00,$0.00,$197.50,$399.00,$496.50,$311.00,$267.50,$491.00,$456.50,$304.50,$149.00,$50.50,$101.00,$57.50,$86.50,$43.50,$37.00,$71.00,$152.50,$258.50,$275.50,$315.50,$468.75,$380.50,$333.50,$266.75,$425.25,$365.50,$317.75,$289.50,$335.00,$356.75,$131.25,$214.50,$197.25,$148.50,$133.00,$129.25,$171.00,$159.75,$200.50,$157.25,$241.00,$170.50,$14.50,$7.50,$15.50,$6.50,$8.00,$30.75,$110.50,$0.00,$0.00,$7.75,$6.75,$20.50,$6.50,$8.50,$0.00,$0.00,$6.75,$0.00,$8.75,$14.50,$6.50,$0.00,$0.00,$0.00,$0.00,$0.00,$14.00,$0.00,$0.00,$0.00,$0.00,$0.00,$0.00,$6.50,$0.00,$0.00,$0.00,$0.00,$0.00,$0.00,$0.00,$0.00,$0.00,$0.00,$0.00,$0.00,$0.00,$0.00,$0.00,$8.50,$0.00,$0.00,$0.00,$0.00,$0.00,$0.00,$0.00,$0.00,$0.00,$0.00,$0.00,$0.00,$0.00,$0.00,$0.00,$0.00,$0.00,$0.00,$0.00,$0.00,$0.00,$0.00,$0.00,$7.50,$0.00,$0.00,$0.00,$0.00,$0.00,$0.00,$0.00,$0.00,$0.00,$0.00,$0.00,$0.00,$0.00,$0.00,$0.00,$0.00,$0.00,$0.00,$6.50,$0.00,$0.00,$0.00,$0.00,$0.00,$0.00,$0.00,$0.00,$0.00,$0.00,$0.00,$0.00,$0.00,$0.00,$0.00,$0.00,$0.00,$0.00,$0.00,$0.00,$0.00,$0.00,$0.00,$0.00,$0.00,$0.00,$0.00,$0.00,$0.00,$0.00,$0.00,$0.00,$0.00,$0.00,$0.00,$0.00,$0.00,$0.00,$0.00,$0.00,$7.50,$0.00,$0.00,$0.00,$0.00,$0.00,$0.00,$0.00,$6.50,$8.00,$0.00,$0.00,$0.00,$0.00,$0.00,$0.00,$0.00,$0.00,$0.00,$0.00,$0.00,$0.00,$7.50,$0.00,$0.00,$7.00,$0.00,$6.50,$0.00,$0.00,$0.00,$0.00,$0.00,$0.00,$6.75,$0.00,$0.00,$0.00,$0.00,$0.00,$0.00,$0.00,$0.00,$0.00,$0.00,$0.00,$7.00,$0.00,$0.00,$0.00,$0.00,$0.00,$0.00,$0.00,$0.00,$0.00,$0.00,$0.00,$0.00,$0.00,$0.00,$6.50,$0.00,$0.00,$0.00,$0.00,$0.00,$0.00,$0.00,$13.00,$0.00,$0.00,$0.00,$0.00,$0.00,$0.00,$0.00,$0.00,$7.50,$0.00,$0.00,$0.00,$0.00,$0.00,$0.00,$0.00,$0.00,$0.00,$0.00,$7.00,$0.00,$0.00,$0.00,$0.00,$0.00,$0.00,$0.00,$0.00,$0.00,$0.00,$0.00,$0.00,$0.00,$0.00,$0.00,$0.00,$0.00,$0.00,$0.00,$0.00,$0.00,$0.00,$0.00,$0.00,$0.00,$0.00,$0.00,$0.00,$0.00,$0.00,$0.00,$0.00,$0.00,$0.00,$0.00,$0.00,$0.00,$0.00,$0.00,$0.00,$0.00,$0.00
Seasonal,$0.00,$0.00,$0.00,$0.00,$0.00,$0.00,$0.00,$0.00,$0.00,$0.00,$0.00,$0.00,$0.00,$0.00,$0.00,$0.00,$0.00,$0.00,$0.00,$0.00,$0.00,$0.00,$0.00,$0.00,$0.00,$0.00,$0.00,$0.00,$0.00,$0.00,$0.00,$0.00,$0.00,$0.00,$0.00,$0.00,$0.00,$0.00,$0.00,$0.00,$0.00,$0.00,$0.00,$0.00,$0.00,$0.00,$0.00,$0.00,$0.00,$0.00,$0.00,$0.00,$0.00,$0.00,$0.00,$0.00,$0.00,$0.00,$0.00,$0.00,$0.00,$0.00,$0.00,$0.00,$0.00,$0.00,$0.00,$0.00,$0.00,$0.00,$0.00,$0.00,$0.00,$0.00,$0.00,$0.00,$0.00,$19.60,$83.30,$111.90,$93.40,$81.70,$121.00,$100.90,$83.40,$82.60,$67.60,$113.80,$158.60,$60.40,$93.60,$106.80,$116.30,$33.60,$26.60,$83.00,$113.00,$34.10,$59.60,$132.40,$82.40,$113.10,$219.35,$185.05,$161.25,$156.70,$239.45,$141.40,$180.85,$120.90,$199.30,$153.30,$110.40,$102.40,$92.45,$167.15,$113.50,$172.10,$172.95,$159.90,$201.45,$201.60,$146.05,$159.95,$228.40,$179.25,$147.05,$114.10,$124.10,$188.95,$116.35,$211.50,$174.65,$112.50,$51.10,$20.30,$36.25,$51.60,$36.25,$47.30,$53.90,$22.80,$57.70,$24.65,$31.65,$36.45,$42.30,$64.05,$56.40,$38.65,$43.50,$22.95,$7.00,$58.30,$21.35,$49.20,$25.15,$55.50,$21.75,$23.20,$80.65,$17.20,$34.40,$6.75,$13.75,$56.80,$37.45,$28.05,$23.50,$82.60,$52.05,$62.65,$14.50,$51.75,$46.70,$20.35,$94.40,$57.40,$33.15,$14.30,$45.60,$71.10,$100.55,$31.70,$49.60,$21.80,$26.35,$66.40,$63.75,$34.40,$59.00,$62.10,$0.00,$53.20,$71.80,$44.90,$35.85,$40.30,$49.60,$41.15,$27.55,$19.35,$68.50,$23.05,$36.75,$42.55,$33.85,$30.30,$63.40,$68.85,$7.00,$58.30,$7.75,$49.00,$31.40,$33.85,$18.35,$13.35,$4.60,$6.30,$29.25,$14.05,$25.90,$21.50,$25.35,$0.00,$13.05,$10.90,$48.45,$41.50,$72.10,$64.95,$53.70,$96.40,$77.95,$84.65,$149.25,$122.55,$163.55,$136.65,$172.80,$160.55,$129.60,$137.05,$174.60,$193.60,$80.90,$115.95,$273.75,$383.10,$420.90,$496.50,$228.35,$231.75,$234.05,$229.20,$252.15,$303.10,$301.85,$203.95,$224.55,$304.85,$226.25,$259.20,$258.25,$431.90,$256.30,$177.70,$244.50,$198.40,$229.40,$431.25,$285.90,$106.35,$0.00,$0.00,$0.00,$293.20,$182.35,$280.80,$293.55,$252.50,$518.20,$181.60,$325.05,$234.10,$400.25,$188.70,$146.35,$252.35,$193.75,$281.00,$295.35,$310.55,$145.00,$191.70,$187.05,$135.55,$275.60,$349.80,$300.80,$164.25,$147.10,$118.50,$206.50,$258.15,$354.40,$265.75,$138.60,$77.55,$173.45,$141.20,$151.30,$240.55,$218.75,$55.45,$130.40,$71.75,$120.55,$124.15,$190.05,$92.60,$144.18,$195.63,$166.32,$212.08,$136.78,$33.93,$60.07,$34.51,$47.47,$39.91,$54.59,$19.40,$20.03,$67.00,$137.80,$112.97,$180.83,$195.49,$250.38,$206.07,$148.67,$97.81,$169.12,$169.02,$244.54,$93.01,$173.85,$194.97,$120.13,$199.34,$120.28,$74.49,$59.49,$53.21,$19.33,$0.00,$0.00,$0.00,$0.00,$0.00,$0.00,$0.00,$0.00,$0.00,$0.00
Other Drinks,$0.00,$0.00,$0.00,$0.00,$0.00,$0.00,$0.00,$0.00,$0.00,$0.00,$0.00,$0.00,$0.00,$0.00,$0.00,$0.00,$0.00,$0.00,$0.00,$0.00,$0.00,$0.00,$0.00,$0.00,$0.00,$0.00,$0.00,$0.00,$0.00,$0.00,$0.00,$0.00,$0.00,$0.00,$0.00,$0.00,$0.00,$0.00,$0.00,$0.00,$0.00,$0.00,$0.00,$0.00,$0.00,$0.00,$0.00,$0.00,$0.00,$0.00,$0.00,$0.00,$0.00,$0.00,$0.00,$0.00,$0.00,$0.00,$0.00,$0.00,$0.00,$0.00,$0.00,$0.00,$0.00,$0.00,$0.00,$0.00,$0.00,$0.00,$0.00,$0.00,$0.00,$0.00,$0.00,$0.00,$0.00,$0.00,$0.00,$0.00,$7.60,$0.00,$0.00,$0.00,$0.00,$0.00,$0.00,$0.00,$0.00,$0.00,$0.00,$0.00,$0.00,$0.00,$0.00,$0.00,$0.00,$0.00,$0.00,$0.00,$0.00,$5.94,$0.00,$0.00,$0.00,$0.00,$0.00,$0.00,$0.00,$0.00,$4.60,$0.00,$0.00,$0.00,$0.00,$0.00,$0.00,$0.00,$0.00,$0.00,$0.00,$0.00,$0.00,$0.00,$0.00,$3.30,$0.00,$0.00,$0.00,$0.00,$0.00,$0.00,$0.00,$0.00,$0.00,$0.00,$0.00,$0.00,$0.00,$0.00,$0.00,$0.00,$0.00,$0.00,$0.00,$0.00,$0.00,$0.00,$0.00,$0.00,$0.00,$0.00,$0.00,$0.00,$0.00,$0.00,$0.00,$0.00,$0.00,$0.00,$0.00,$0.00,$0.00,$0.00,$0.00,$0.00,$0.00,$0.00,$0.00,$0.00,$0.00,$0.00,$15.20,$0.00,$0.00,$0.00,$0.00,$0.00,$0.00,$0.00,$0.00,$0.00,$0.00,$0.00,$0.00,$0.00,$0.00,$0.00,$4.40,$0.00,$0.00,$0.00,$0.00,$0.00,$0.00,$0.00,$0.00,$0.00,$0.00,$0.00,$0.00,$0.00,$3.90,$0.00,$0.00,$0.00,$0.00,$0.00,$0.00,$0.00,$0.00,$0.00,$0.00,$0.00,$0.00,$0.00,$0.00,$0.00,$0.00,$0.00,$0.00,$0.00,$0.00,$0.00,$0.00,$0.00,$0.00,$0.00,$0.00,$0.00,$0.00,$0.00,$0.00,$0.00,$0.00,$0.00,$0.00,$0.00,$0.00,$0.00,$0.00,$0.00,$0.00,$0.00,$3.80,$0.00,$0.00,$3.90,$0.00,$0.00,$0.00,$0.00,$0.00,$0.00,$5.90,$0.00,$17.70,$23.60,$5.90,$0.00,$5.90,$0.00,$0.00,$0.00,$5.90,$11.80,$0.00,$0.00,$4.23,$17.24,$10.13,$14.36,$7.53,$0.00,$0.00,$0.00,$0.00,$5.44,$17.90,$5.30,$6.00,$17.30,$148.10,$22.50,$27.10,$11.20,$29.80,$23.30,$10.60,$27.90,$16.50,$34.90,$8.60,$5.30,$0.00,$11.30,$5.30,$28.40,$23.70,$21.90,$13.20,$16.50,$6.00,$11.20,$28.90,$22.50,$21.90,$11.30,$5.30,$11.80,$10.60,$22.50,$39.10,$5.30,$10.60,$5.90,$5.30,$5.30,$16.60,$17.20,$5.30,$5.30,$11.30,$5.30,$0.00,$12.00,$6.00,$5.30,$0.00,$5.90,$0.00,$0.00,$0.00,$11.80,$0.00,$0.00,$15.90,$11.30,$15.90,$10.60,$5.30,$5.30,$0.00,$0.00,$0.00,$5.90,$0.00,$17.70,$5.90,$5.90,$11.80,$0.00,$5.90,$0.00,$0.00,$0.00,$0.00,$0.00,$0.00,$0.00,$0.00,$0.00,$0.00,$0.00,$0.00,$0.00,$0.00
Crochet,$0.00,$0.00,$0.00,$0.00,$0.00,$0.00,$0.00,$0.00,$0.00,$0.00,$0.00,$0.00,$0.00,$0.00,$0.00,$0.00,$0.00,$0.00,$0.00,$0.00,$0.00,$0.00,$0.00,$0.00,$0.00,$0.00,$0.00,$0.00,$0.00,$0.00,$0.00,$0.00,$0.00,$0.00,$0.00,$0.00,$0.00,$0.00,$0.00,$0.00,$0.00,$0.00,$0.00,$0.00,$0.00,$0.00,$0.00,$0.00,$0.00,$0.00,$0.00,$0.00,$0.00,$0.00,$0.00,$0.00,$0.00,$0.00,$0.00,$0.00,$0.00,$0.00,$0.00,$0.00,$0.00,$0.00,$0.00,$0.00,$0.00,$0.00,$0.00,$0.00,$0.00,$0.00,$0.00,$0.00,$0.00,$0.00,$0.00,$0.00,$0.00,$0.00,$0.00,$0.00,$0.00,$0.00,$0.00,$0.00,$0.00,$0.00,$72.00,$24.00,$26.00,$0.00,$12.00,$20.00,$0.00,$5.00,$16.00,$12.00,$82.00,$12.00,$16.00,$0.00,$46.00,$0.00,$0.00,$5.00,$0.00,$12.00,$16.00,$56.00,$14.00,$0.00,$18.00,$0.00,$8.00,$40.00,$62.00,$20.00,$0.00,$0.00,$0.00,$18.00,$40.00,$42.00,$32.00,$12.00,$10.00,$0.00,$8.00,$56.00,$26.00,$0.00,$28.00,$0.00,$0.00,$0.00,$8.00,$0.00,$61.00,$0.00,$0.00,$0.00,$0.00,$0.00,$0.00,$12.00,$0.00,$0.00,$0.00,$12.00,$0.00,$5.00,$0.00,$0.00,$0.00,$8.00,$0.00,$0.00,$0.00,$0.00,$0.00,$0.00,$0.00,$0.00,$0.00,$0.00,$0.00,$0.00,$0.00,$0.00,$0.00,$0.00,$0.00,$0.00,$0.00,$32.00,$16.00,$10.00,$0.00,$0.00,$24.00,$0.00,$0.00,$22.00,$54.00,$0.00,$0.00,$0.00,$0.00,$0.00,$0.00,$0.00,$0.00,$0.00,$10.00,$0.00,$0.00,$0.00,$26.00,$0.00,$0.00,$0.00,$0.00,$0.00,$0.00,$0.00,$12.00,$12.00,$16.00,$0.00,$0.00,$28.00,$0.00,$0.00,$0.00,$0.00,$0.00,$0.00,$0.00,$0.00,$0.00,$0.00,$0.00,$0.00,$0.00,$0.00,$0.00,$0.00,$18.00,$0.00,$0.00,$12.00,$32.00,$14.00,$50.00,$0.00,$0.00,$51.00,$0.00,$0.00,$0.00,$0.00,$0.00,$0.00,$0.00,$0.00,$0.00,$0.00,$14.00,$0.00,$0.00,$42.00,$52.00,$0.00,$18.00,$14.00,$10.00,$0.00,$0.00,$0.00,$66.00,$0.00,$18.00,$0.00,$0.00,$0.00,$26.00,$22.00,$10.00,$0.00,$18.00,$0.00,$0.00,$0.00,$0.00,$22.00,$14.00,$14.00,$0.00,$0.00,$0.00,$0.00,$0.00,$0.00,$0.00,$0.00,$0.00,$0.00,$20.00,$0.00,$0.00,$30.00,$0.00,$14.00,$0.00,$0.00,$20.00,$0.00,$0.00,$0.00,$12.00,$0.00,$0.00,$0.00,$8.00,$0.00,$0.00,$0.00,$0.00,$0.00,$0.00,$0.00,$12.00,$0.00,$0.00,$0.00,$35.00,$30.00,$0.00,$18.00,$10.00,$0.00,$20.00,$10.00,$0.00,$0.00,$0.00,$0.00,$0.00,$0.00,$0.00,$0.00,$0.00,$0.00,$0.00,$0.00,$0.00,$0.00,$20.00,$0.00,$0.00,$0.00,$0.00,$0.00,$0.00,$0.00,$0.00,$0.00,$0.00,$0.00,$0.00,$0.00,$0.00,$0.00,$0.00,$0.00,$0.00,$0.00,$0.00,$0.00,$0.00,$0.00,$0.00,$0.00,$0.00
Mom’s Weekend,$0.00,$0.00,$0.00,$0.00,$0.00,$0.00,$0.00,$0.00,$0.00,$0.00,$0.00,$0.00,$0.00,$0.00,$0.00,$0.00,$0.00,$0.00,$0.00,$0.00,$0.00,$0.00,$0.00,$0.00,$0.00,$0.00,$0.00,$0.00,$0.00,$0.00,$0.00,$0.00,$0.00,$0.00,$0.00,$0.00,$0.00,$0.00,$0.00,$0.00,$0.00,$0.00,$0.00,$0.00,$0.00,$0.00,$0.00,$0.00,$0.00,$0.00,$0.00,$0.00,$0.00,$0.00,$0.00,$0.00,$0.00,$0.00,$0.00,$0.00,$0.00,$0.00,$0.00,$0.00,$0.00,$0.00,$0.00,$0.00,$0.00,$0.00,$0.00,$0.00,$0.00,$0.00,$0.00,$0.00,$0.00,$0.00,$0.00,$0.00,$0.00,$0.00,$0.00,$0.00,$0.00,$0.00,$0.00,$0.00,$0.00,$0.00,$0.00,$0.00,$0.00,$0.00,$0.00,$0.00,$0.00,$0.00,$0.00,$0.00,$0.00,$0.00,$100.00,$626.70,$333.00,$27.10,$7.50,$0.00,$0.00,$0.00,$0.00,$12.50,$22.30,$0.00,$0.00,$0.00,$5.90,$0.00,$6.60,$0.00,$0.00,$0.00,$0.00,$0.00,$0.00,$0.00,$0.00,$0.00,$0.00,$0.00,$0.00,$6.30,$18.90,$0.00,$0.00,$0.00,$0.00,$0.00,$0.00,$0.00,$0.00,$0.00,$0.00,$0.00,$0.00,$0.00,$0.00,$0.00,$0.00,$0.00,$7.00,$0.00,$0.00,$0.00,$0.00,$0.00,$0.00,$0.00,$0.00,$0.00,$0.00,$0.00,$0.00,$0.00,$0.00,$0.00,$0.00,$0.00,$6.50,$0.00,$0.00,$0.00,$0.00,$0.00,$0.00,$0.00,$0.00,$0.00,$0.00,$0.00,$0.00,$0.00,$0.00,$0.00,$0.00,$0.00,$0.00,$0.00,$0.00,$0.00,$0.00,$0.00,$0.00,$0.00,$0.00,$0.00,$0.00,$0.00,$0.00,$0.00,$0.00,$0.00,$0.00,$0.00,$0.00,$0.00,$0.00,$0.00,$0.00,$0.00,$0.00,$0.00,$0.00,$0.00,$0.00,$0.00,$0.00,$0.00,$0.00,$0.00,$0.00,$0.00,$0.00,$0.00,$0.00,$0.00,$0.00,$0.00,$0.00,$0.00,$0.00,$0.00,$0.00,$0.00,$0.00,$0.00,$0.00,$0.00,$0.00,$0.00,$0.00,$0.00,$0.00,$0.00,$0.00,$0.00,$0.00,$0.00,$0.00,$0.00,$0.00,$0.00,$0.00,$0.00,$0.00,$0.00,$0.00,$0.00,$0.00,$0.00,$0.00,$0.00,$0.00,$0.00,$0.00,$0.00,$0.00,$0.00,$0.00,$0.00,$0.00,$0.00,$0.00,$0.00,$0.00,$0.00,$0.00,$0.00,$0.00,$0.00,$0.00,$0.00,$0.00,$0.00,$0.00,$0.00,$0.00,$0.00,$0.00,$0.00,$0.00,$0.00,$0.00,$0.00,$0.00,$0.00,$0.00,$0.00,$0.00,$0.00,$0.00,$0.00,$0.00,$0.00,$0.00,$0.00,$0.00,$0.00,$0.00,$0.00,$0.00,$0.00,$0.00,$0.00,$0.00,$0.00,$0.00,$0.00,$0.00,$0.00,$0.00,$0.00,$0.00,$0.00,$0.00,$0.00,$0.00,$0.00,$0.00,$0.00,$0.00,$0.00,$0.00,$0.00,$0.00,$0.00,$0.00,$0.00,$0.00,$0.00,$0.00,$0.00,$0.00,$0.00,$0.00,$0.00,$0.00,$0.00,$0.00,$0.00,$0.00,$7.00,$0.00,$0.00,$0.00,$0.00,$0.00,$0.00,$0.00,$0.00,$0.00,$0.00,$0.00,$0.00,$0.00,$0.00,$0.00
Planted,$0.00,$0.00,$0.00,$0.00,$0.00,$0.00,$0.00,$0.00,$0.00,$0.00,$0.00,$0.00,$0.00,$0.00,$0.00,$0.00,$0.00,$0.00,$0.00,$0.00,$0.00,$0.00,$0.00,$0.00,$0.00,$0.00,$0.00,$0.00,$0.00,$0.00,$0.00,$0.00,$0.00,$0.00,$0.00,$0.00,$0.00,$0.00,$0.00,$0.00,$0.00,$0.00,$0.00,$0.00,$0.00,$0.00,$0.00,$0.00,$0.00,$0.00,$0.00,$0.00,$0.00,$0.00,$0.00,$0.00,$0.00,$0.00,$0.00,$0.00,$0.00,$0.00,$0.00,$0.00,$0.00,$0.00,$0.00,$0.00,$0.00,$0.00,$0.00,$0.00,$0.00,$0.00,$0.00,$0.00,$0.00,$0.00,$0.00,$0.00,$0.00,$0.00,$0.00,$0.00,$0.00,$0.00,$0.00,$0.00,$0.00,$0.00,$0.00,$0.00,$0.00,$0.00,$0.00,$0.00,$0.00,$0.00,$0.00,$0.00,$0.00,$0.00,$15.00,$0.00,$0.00,$15.00,$0.00,$0.00,$0.00,$0.00,$0.00,$0.00,$0.00,$0.00,$13.00,$0.00,$16.00,$0.00,$0.00,$0.00,$0.00,$0.00,$0.00,$16.00,$0.00,$0.00,$0.00,$16.00,$0.00,$0.00,$13.00,$13.00,$0.00,$16.00,$0.00,$0.00,$0.00,$14.00,$16.00,$0.00,$0.00,$0.00,$0.00,$0.00,$0.00,$0.00,$0.00,$0.00,$0.00,$0.00,$0.00,$0.00,$0.00,$0.00,$0.00,$0.00,$0.00,$0.00,$0.00,$0.00,$0.00,$0.00,$0.00,$0.00,$0.00,$0.00,$0.00,$0.00,$0.00,$0.00,$0.00,$0.00,$0.00,$0.00,$0.00,$0.00,$13.00,$13.00,$0.00,$0.00,$0.00,$0.00,$0.00,$0.00,$16.00,$0.00,$0.00,$0.00,$0.00,$0.00,$0.00,$0.00,$0.00,$16.00,$0.00,$0.00,$0.00,$0.00,$0.00,$0.00,$0.00,$0.00,$0.00,$0.00,$0.00,$0.00,$0.00,$0.00,$0.00,$0.00,$14.00,$0.00,$0.00,$0.00,$0.00,$0.00,$0.00,$0.00,$0.00,$0.00,$0.00,$0.00,$0.00,$0.00,$0.00,$0.00,$0.00,$0.00,$29.00,$0.00,$0.00,$0.00,$0.00,$0.00,$26.00,$0.00,$13.00,$0.00,$0.00,$0.00,$0.00,$0.00,$0.00,$0.00,$0.00,$0.00,$0.00,$0.00,$0.00,$20.00,$0.00,$0.00,$0.00,$0.00,$16.00,$0.00,$0.00,$0.00,$0.00,$0.00,$13.00,$0.00,$0.00,$0.00,$0.00,$0.00,$0.00,$0.00,$0.00,$0.00,$0.00,$0.00,$0.00,$0.00,$0.00,$0.00,$0.00,$0.00,$0.00,$17.00,$0.00,$0.00,$13.00,$0.00,$0.00,$0.00,$0.00,$0.00,$0.00,$0.00,$0.00,$0.00,$0.00,$0.00,$0.00,$0.00,$0.00,$0.00,$0.00,$0.00,$0.00,$0.00,$0.00,$0.00,$0.00,$0.00,$0.00,$0.00,$0.00,$0.00,$0.00,$0.00,$0.00,$0.00,$0.00,$0.00,$0.00,$0.00,$0.00,$0.00,$0.00,$0.00,$9.00,$0.00,$0.00,$0.00,$0.00,$0.00,$0.00,$0.00,$0.00,$0.00,$0.00,$0.00,$0.00,$0.00,$0.00,$0.00,$0.00,$0.00,$0.00,$0.00,$0.00,$0.00,$0.00,$0.00,$0.00,$0.00,$13.00,$0.00,$0.00,$0.00,$0.00,$0.00,$0.00,$0.00,$0.00,$0.00,$0.00,$0.00,$0.00,$0.00,$0.00,$0.00,$0.00,$0.00,$0.00
Ceramics,$0.00,$0.00,$0.00,$0.00,$0.00,$0.00,$0.00,$0.00,$0.00,$0.00,$0.00,$0.00,$0.00,$0.00,$0.00,$0.00,$0.00,$0.00,$0.00,$0.00,$0.00,$0.00,$0.00,$0.00,$0.00,$0.00,$0.00,$0.00,$0.00,$0.00,$0.00,$0.00,$0.00,$0.00,$0.00,$0.00,$0.00,$0.00,$0.00,$0.00,$0.00,$0.00,$0.00,$0.00,$0.00,$0.00,$0.00,$0.00,$0.00,$0.00,$0.00,$0.00,$0.00,$0.00,$0.00,$0.00,$0.00,$0.00,$0.00,$0.00,$0.00,$0.00,$0.00,$0.00,$0.00,$0.00,$0.00,$0.00,$0.00,$0.00,$0.00,$0.00,$0.00,$0.00,$0.00,$0.00,$0.00,$0.00,$0.00,$0.00,$0.00,$0.00,$0.00,$0.00,$0.00,$0.00,$0.00,$0.00,$0.00,$0.00,$0.00,$0.00,$0.00,$0.00,$0.00,$0.00,$0.00,$0.00,$0.00,$0.00,$0.00,$0.00,$0.00,$0.00,$0.00,$0.00,$0.00,$0.00,$0.00,$0.00,$0.00,$0.00,$0.00,$0.00,$0.00,$0.00,$0.00,$0.00,$0.00,$0.00,$0.00,$0.00,$0.00,$0.00,$0.00,$0.00,$25.00,$0.00,$20.00,$40.00,$0.00,$0.00,$0.00,$0.00,$0.00,$0.00,$0.00,$0.00,$0.00,$0.00,$0.00,$0.00,$0.00,$0.00,$0.00,$0.00,$0.00,$0.00,$0.00,$0.00,$0.00,$0.00,$0.00,$0.00,$0.00,$0.00,$0.00,$0.00,$15.00,$0.00,$0.00,$0.00,$0.00,$0.00,$0.00,$0.00,$0.00,$0.00,$0.00,$0.00,$0.00,$0.00,$0.00,$0.00,$0.00,$0.00,$0.00,$0.00,$0.00,$0.00,$0.00,$0.00,$0.00,$0.00,$0.00,$0.00,$0.00,$0.00,$0.00,$0.00,$0.00,$0.00,$0.00,$0.00,$0.00,$0.00,$0.00,$0.00,$0.00,$0.00,$0.00,$0.00,$0.00,$0.00,$0.00,$0.00,$0.00,$0.00,$0.00,$0.00,$0.00,$0.00,$0.00,$0.00,$0.00,$0.00,$0.00,$0.00,$0.00,$0.00,$0.00,$0.00,$0.00,$0.00,$0.00,$0.00,$0.00,$0.00,$0.00,$0.00,$0.00,$0.00,$0.00,$0.00,$0.00,$0.00,$0.00,$0.00,$0.00,$0.00,$0.00,$0.00,$0.00,$0.00,$0.00,$0.00,$0.00,$0.00,$0.00,$0.00,$0.00,$0.00,$0.00,$0.00,$0.00,$0.00,$0.00,$0.00,$0.00,$0.00,$0.00,$0.00,$0.00,$0.00,$0.00,$0.00,$0.00,$0.00,$0.00,$0.00,$0.00,$0.00,$0.00,$0.00,$0.00,$0.00,$0.00,$0.00,$0.00,$0.00,$0.00,$0.00,$0.00,$0.00,$0.00,$0.00,$0.00,$0.00,$0.00,$0.00,$0.00,$0.00,$0.00,$0.00,$0.00,$0.00,$0.00,$0.00,$0.00,$0.00,$0.00,$0.00,$0.00,$0.00,$0.00,$0.00,$0.00,$0.00,$0.00,$0.00,$0.00,$0.00,$0.00,$0.00,$0.00,$0.00,$0.00,$0.00,$0.00,$0.00,$0.00,$0.00,$0.00,$0.00,$0.00,$0.00,$0.00,$0.00,$0.00,$0.00,$0.00,$0.00,$0.00,$0.00,$0.00,$0.00,$0.00,$0.00,$0.00,$0.00,$0.00,$0.00,$0.00,$0.00,$0.00,$0.00,$0.00,$0.00,$0.00,$0.00,$0.00,$0.00,$0.00,$0.00,$0.00,$0.00,$0.00,$0.00,$0.00,$0.00,$0.00,$0.00,$0.00,$0.00,$0.00,$0.00,$0.00
Summer Refreshers,$0.00,$0.00,$0.00,$0.00,$0.00,$0.00,$0.00,$0.00,$0.00,$0.00,$0.00,$0.00,$0.00,$0.00,$0.00,$0.00,$0.00,$0.00,$0.00,$0.00,$0.00,$0.00,$0.00,$0.00,$0.00,$0.00,$0.00,$0.00,$0.00,$0.00,$0.00,$0.00,$0.00,$0.00,$0.00,$0.00,$0.00,$0.00,$0.00,$0.00,$0.00,$0.00,$0.00,$0.00,$0.00,$0.00,$0.00,$0.00,$0.00,$0.00,$0.00,$0.00,$0.00,$0.00,$0.00,$0.00,$0.00,$0.00,$0.00,$0.00,$0.00,$0.00,$0.00,$0.00,$0.00,$0.00,$0.00,$0.00,$0.00,$0.00,$0.00,$0.00,$0.00,$0.00,$0.00,$0.00,$0.00,$0.00,$0.00,$0.00,$0.00,$0.00,$0.00,$0.00,$0.00,$0.00,$0.00,$0.00,$0.00,$0.00,$0.00,$0.00,$0.00,$0.00,$0.00,$0.00,$0.00,$0.00,$0.00,$0.00,$0.00,$0.00,$0.00,$0.00,$0.00,$0.00,$0.00,$0.00,$0.00,$0.00,$0.00,$0.00,$0.00,$0.00,$0.00,$0.00,$0.00,$0.00,$0.00,$0.00,$0.00,$0.00,$0.00,$0.00,$0.00,$0.00,$0.00,$0.00,$0.00,$0.00,$0.00,$0.00,$0.00,$0.00,$0.00,$0.00,$0.00,$0.00,$36.00,$36.75,$24.00,$42.00,$30.00,$18.75,$18.75,$43.50,$24.00,$66.75,$31.50,$18.00,$36.00,$50.25,$24.00,$18.00,$36.75,$32.25,$36.75,$61.50,$49.50,$24.00,$66.75,$30.75,$48.00,$54.75,$18.75,$66.75,$48.00,$33.00,$48.75,$74.25,$87.00,$42.75,$42.00,$18.00,$54.75,$6.00,$12.75,$54.00,$60.75,$24.75,$64.50,$60.75,$24.00,$24.00,$30.00,$18.00,$31.50,$30.75,$93.00,$48.75,$18.00,$30.75,$36.75,$61.50,$72.75,$90.75,$36.00,$42.00,$54.75,$55.50,$81.00,$66.75,$54.00,$30.00,$42.75,$42.75,$44.25,$6.00,$84.75,$54.00,$43.50,$36.00,$106.00,$36.00,$62.25,$80.25,$54.00,$30.00,$12.00,$42.75,$12.00,$48.00,$36.75,$18.75,$48.75,$0.00,$48.75,$38.25,$48.00,$66.75,$54.75,$66.00,$18.75,$60.00,$66.75,$72.00,$102.00,$115.50,$78.00,$60.00,$36.00,$90.00,$90.00,$132.75,$96.00,$60.75,$48.00,$6.00,$48.25,$78.75,$66.75,$59.00,$47.50,$0.00,$0.00,$0.00,$0.00,$0.00,$0.00,$0.00,$0.00,$0.00,$0.00,$0.00,$0.00,$0.00,$0.00,$0.00,$0.00,$0.00,$0.00,$0.00,$0.00,$0.00,$0.00,$0.00,$0.00,$0.00,$0.00,$0.00,$0.00,$0.00,$0.00,$0.00,$0.00,$0.00,$0.00,$0.00,$0.00,$0.00,$0.00,$0.00,$0.00,$0.00,$0.00,$0.00,$0.00,$0.00,$0.00,$0.00,$0.00,$0.00,$0.00,$0.00,$0.00,$0.00,$0.00,$0.00,$0.00,$0.00,$0.00,$0.00,$0.00,$0.00,$0.00,$0.00,$0.00,$0.00,$0.00,$0.00,$0.00,$0.00,$0.00,$0.00,$0.00,$0.00,$0.00,$0.00,$0.00,$0.00,$0.00,$0.00,$0.00,$0.00,$0.00,$0.00,$0.00,$0.00,$0.00,$0.00,$0.00,$0.00,$0.00,$0.00,$0.00,$0.00,$0.00,$0.00,$0.00,$0.00,$0.00,$0.00,$0.00,$0.00,$0.00,$0.00,$0.00,$0.00,$0.00,$0.00,$0.00,$0.00,$0.00,$0.00,$0.00,$0.00,$0.00
Affo Social,$0.00,$0.00,$0.00,$0.00,$0.00,$0.00,$0.00,$0.00,$0.00,$0.00,$0.00,$0.00,$0.00,$0.00,$0.00,$0.00,$0.00,$0.00,$0.00,$0.00,$0.00,$0.00,$0.00,$0.00,$0.00,$0.00,$0.00,$0.00,$0.00,$0.00,$0.00,$0.00,$0.00,$0.00,$0.00,$0.00,$0.00,$0.00,$0.00,$0.00,$0.00,$0.00,$0.00,$0.00,$0.00,$0.00,$0.00,$0.00,$0.00,$0.00,$0.00,$0.00,$0.00,$0.00,$0.00,$0.00,$0.00,$0.00,$0.00,$0.00,$0.00,$0.00,$0.00,$0.00,$0.00,$0.00,$0.00,$0.00,$0.00,$0.00,$0.00,$0.00,$0.00,$0.00,$0.00,$0.00,$0.00,$0.00,$0.00,$0.00,$0.00,$0.00,$0.00,$0.00,$0.00,$0.00,$0.00,$0.00,$0.00,$0.00,$0.00,$0.00,$0.00,$0.00,$0.00,$0.00,$0.00,$0.00,$0.00,$0.00,$0.00,$0.00,$0.00,$0.00,$0.00,$0.00,$0.00,$0.00,$0.00,$0.00,$0.00,$0.00,$0.00,$0.00,$0.00,$0.00,$0.00,$0.00,$0.00,$0.00,$0.00,$0.00,$0.00,$0.00,$0.00,$0.00,$0.00,$0.00,$0.00,$0.00,$0.00,$0.00,$0.00,$0.00,$0.00,$0.00,$0.00,$0.00,$0.00,$0.00,$0.00,$0.00,$0.00,$0.00,$0.00,$0.00,$0.00,$0.00,$0.00,$0.00,$0.00,$60.00,$0.00,$0.00,$0.00,$0.00,$0.00,$0.00,$0.00,$0.00,$0.00,$0.00,$0.00,$0.00,$0.00,$81.00,$0.00,$0.00,$0.00,$0.00,$0.00,$0.00,$0.00,$0.00,$0.00,$0.00,$0.00,$0.00,$0.00,$0.00,$0.00,$0.00,$0.00,$0.00,$0.00,$0.00,$22.00,$0.00,$0.00,$0.00,$0.00,$0.00,$0.00,$0.00,$0.00,$0.00,$0.00,$0.00,$0.00,$0.00,$0.00,$0.00,$0.00,$0.00,$0.00,$0.00,$0.00,$0.00,$0.00,$0.00,$0.00,$0.00,$0.00,$0.00,$13.00,$0.00,$0.00,$0.00,$0.00,$0.00,$0.00,$0.00,$0.00,$0.00,$0.00,$0.00,$4.00,$0.00,$0.00,$0.00,$0.00,$0.00,$0.00,$0.00,$0.00,$0.00,$0.00,$0.00,$68.00,$28.00,$0.00,$0.00,$0.00,$0.00,$0.00,$0.00,$0.00,$0.00,$0.00,$0.00,$0.00,$0.00,$0.00,$0.00,$0.00,$0.00,$0.00,$0.00,$0.00,$0.00,$0.00,$0.00,$0.00,$0.00,$0.00,$0.00,$0.00,$0.00,$0.00,$0.00,$0.00,$0.00,$0.00,$0.00,$0.00,$0.00,$0.00,$0.00,$0.00,$0.00,$0.00,$0.00,$0.00,$0.00,$0.00,$0.00,$0.00,$0.00,$0.00,$0.00,$0.00,$0.00,$0.00,$0.00,$0.00,$0.00,$0.00,$0.00,$0.00,$0.00,$0.00,$0.00,$0.00,$0.00,$0.00,$0.00,$0.00,$0.00,$0.00,$0.00,$0.00,$0.00,$0.00,$0.00,$0.00,$0.00,$0.00,$0.00,$0.00,$0.00,$0.00,$0.00,$0.00,$0.00,$0.00,$0.00,$0.00,$0.00,$0.00,$0.00,$0.00,$0.00,$0.00,$0.00,$0.00,$0.00,$0.00,$0.00,$0.00,$0.00,$0.00,$0.00,$0.00,$0.00,$0.00,$0.00,$0.00,$0.00,$0.00,$0.00,$0.00,$0.00,$0.00,$0.00,$0.00,$0.00,$0.00,$0.00,$0.00,$0.00,$0.00,$0.00,$0.00,$0.00,$0.00,$0.00,$0.00
Draft,$0.00,$0.00,$0.00,$0.00,$0.00,$0.00,$0.00,$0.00,$0.00,$0.00,$0.00,$0.00,$0.00,$0.00,$0.00,$0.00,$0.00,$0.00,$0.00,$0.00,$0.00,$0.00,$0.00,$0.00,$0.00,$0.00,$0.00,$0.00,$0.00,$0.00,$0.00,$0.00,$0.00,$0.00,$0.00,$0.00,$0.00,$0.00,$0.00,$0.00,$0.00,$0.00,$0.00,$0.00,$0.00,$0.00,$0.00,$0.00,$0.00,$0.00,$0.00,$0.00,$0.00,$0.00,$0.00,$0.00,$0.00,$0.00,$0.00,$0.00,$0.00,$0.00,$0.00,$0.00,$0.00,$0.00,$0.00,$0.00,$0.00,$0.00,$0.00,$0.00,$0.00,$0.00,$0.00,$0.00,$0.00,$0.00,$0.00,$0.00,$0.00,$0.00,$0.00,$0.00,$0.00,$0.00,$0.00,$0.00,$0.00,$0.00,$0.00,$0.00,$0.00,$0.00,$0.00,$0.00,$0.00,$0.00,$0.00,$0.00,$0.00,$0.00,$0.00,$0.00,$0.00,$0.00,$0.00,$0.00,$0.00,$0.00,$0.00,$0.00,$0.00,$0.00,$0.00,$0.00,$0.00,$0.00,$0.00,$0.00,$0.00,$0.00,$0.00,$0.00,$0.00,$0.00,$0.00,$0.00,$0.00,$0.00,$0.00,$0.00,$0.00,$0.00,$0.00,$0.00,$0.00,$0.00,$0.00,$0.00,$0.00,$0.00,$0.00,$0.00,$0.00,$0.00,$0.00,$0.00,$0.00,$0.00,$0.00,$0.00,$0.00,$0.00,$0.00,$0.00,$0.00,$0.00,$0.00,$0.00,$0.00,$0.00,$0.00,$0.00,$0.00,$0.00,$0.00,$0.00,$0.00,$0.00,$0.00,$0.00,$0.00,$17.20,$0.00,$0.00,$10.60,$30.40,$5.30,$5.30,$23.80,$30.30,$11.90,$18.30,$0.00,$6.60,$6.60,$0.00,$0.00,$0.00,$0.00,$13.10,$15.70,$16.90,$13.20,$18.50,$13.20,$10.50,$0.00,$24.80,$0.00,$5.20,$13.20,$19.80,$17.10,$11.90,$0.00,$17.20,$6.60,$0.00,$0.00,$0.00,$0.00,$0.00,$0.00,$19.50,$0.00,$6.60,$0.00,$0.00,$6.60,$18.50,$6.60,$7.60,$0.00,$0.00,$12.90,$6.60,$11.90,$39.70,$34.20,$5.30,$23.40,$19.50,$19.50,$16.90,$6.60,$0.00,$0.00,$32.90,$18.50,$48.60,$11.90,$30.30,$24.80,$18.20,$29.00,$25.10,$17.10,$43.50,$47.10,$6.30,$0.00,$46.20,$26.40,$35.70,$35.70,$23.80,$19.80,$52.50,$41.90,$35.60,$18.30,$43.10,$38.30,$23.80,$13.20,$11.90,$13.20,$31.30,$0.00,$25.00,$18.40,$18.30,$0.00,$0.00,$0.00,$22.30,$49.10,$61.20,$18.40,$13.20,$29.00,$11.80,$35.60,$30.40,$17.20,$0.00,$23.70,$0.00,$18.50,$19.50,$5.20,$5.30,$11.70,$10.50,$6.50,$23.70,$25.50,$31.60,$12.40,$0.00,$29.00,$5.30,$0.00,$13.20,$19.70,$13.60,$13.20,$6.60,$26.60,$13.00,$26.20,$47.30,$25.00,$18.30,$6.30,$5.30,$31.50,$44.40,$18.40,$11.70,$0.00,$25.00,$0.00,$0.00,$0.00,$0.00,$14.10,$0.00,$0.00,$0.00,$6.60,$0.00,$5.20,$0.00,$6.50,$0.00,$0.00,$5.30,$6.50,$5.20,$6.60,$18.20,$13.20,$20.60,$0.00,$5.30,$0.00,$30.20,$5.30,$18.20,$17.00,$11.80,$13.10,$6.50,$0.00,$0.00,$0.00,$0.00,$0.00,$0.00,$0.00,$0.00,$0.00,$0.00,$0.00
Concrete Resin Retail,$0.00,$0.00,$0.00,$0.00,$0.00,$0.00,$0.00,$0.00,$0.00,$0.00,$0.00,$0.00,$0.00,$0.00,$0.00,$0.00,$0.00,$0.00,$0.00,$0.00,$0.00,$0.00,$0.00,$0.00,$0.00,$0.00,$0.00,$0.00,$0.00,$0.00,$0.00,$0.00,$0.00,$0.00,$0.00,$0.00,$0.00,$0.00,$0.00,$0.00,$0.00,$0.00,$0.00,$0.00,$0.00,$0.00,$0.00,$0.00,$0.00,$0.00,$0.00,$0.00,$0.00,$0.00,$0.00,$0.00,$0.00,$0.00,$0.00,$0.00,$0.00,$0.00,$0.00,$0.00,$0.00,$0.00,$0.00,$0.00,$0.00,$0.00,$0.00,$0.00,$0.00,$0.00,$0.00,$0.00,$0.00,$0.00,$0.00,$0.00,$0.00,$0.00,$0.00,$0.00,$0.00,$0.00,$0.00,$0.00,$0.00,$0.00,$0.00,$0.00,$0.00,$0.00,$0.00,$0.00,$0.00,$0.00,$0.00,$0.00,$0.00,$0.00,$0.00,$0.00,$0.00,$0.00,$0.00,$0.00,$0.00,$0.00,$0.00,$0.00,$0.00,$0.00,$0.00,$0.00,$0.00,$0.00,$0.00,$0.00,$0.00,$0.00,$0.00,$0.00,$0.00,$0.00,$0.00,$0.00,$0.00,$0.00,$0.00,$0.00,$0.00,$0.00,$0.00,$0.00,$0.00,$0.00,$0.00,$0.00,$0.00,$0.00,$0.00,$0.00,$0.00,$0.00,$0.00,$0.00,$0.00,$0.00,$0.00,$0.00,$0.00,$0.00,$0.00,$0.00,$0.00,$0.00,$0.00,$0.00,$0.00,$0.00,$0.00,$0.00,$0.00,$0.00,$0.00,$0.00,$0.00,$0.00,$0.00,$0.00,$0.00,$0.00,$0.00,$0.00,$0.00,$0.00,$0.00,$0.00,$15.00,$0.00,$0.00,$0.00,$0.00,$0.00,$0.00,$0.00,$0.00,$0.00,$0.00,$0.00,$0.00,$0.00,$0.00,$0.00,$0.00,$0.00,$0.00,$0.00,$0.00,$0.00,$0.00,$0.00,$0.00,$0.00,$0.00,$0.00,$0.00,$0.00,$0.00,$0.00,$0.00,$0.00,$0.00,$0.00,$0.00,$0.00,$0.00,$0.00,$0.00,$0.00,$0.00,$0.00,$0.00,$0.00,$0.00,$0.00,$0.00,$0.00,$0.00,$0.00,$0.00,$0.00,$0.00,$0.00,$0.00,$0.00,$0.00,$0.00,$0.00,$0.00,$0.00,$0.00,$0.00,$0.00,$0.00,$0.00,$0.00,$0.00,$0.00,$0.00,$0.00,$0.00,$0.00,$0.00,$0.00,$0.00,$0.00,$0.00,$0.00,$0.00,$0.00,$0.00,$0.00,$0.00,$0.00,$0.00,$0.00,$0.00,$0.00,$0.00,$0.00,$0.00,$0.00,$0.00,$0.00,$0.00,$0.00,$0.00,$0.00,$0.00,$0.00,$0.00,$0.00,$0.00,$0.00,$0.00,$0.00,$0.00,$0.00,$0.00,$0.00,$0.00,$0.00,$0.00,$0.00,$0.00,$0.00,$0.00,$0.00,$0.00,$0.00,$0.00,$0.00,$0.00,$0.00,$0.00,$0.00,$0.00,$0.00,$0.00,$0.00,$0.00,$0.00,$0.00,$0.00,$0.00,$0.00,$0.00,$0.00,$0.00,$0.00,$0.00,$0.00,$0.00,$0.00,$0.00,$0.00,$0.00,$0.00,$0.00,$0.00,$0.00,$0.00,$0.00,$0.00,$0.00,$0.00,$0.00,$0.00,$0.00,$0.00,$0.00,$0.00,$0.00,$0.00,$0.00,$0.00,$0.00,$0.00,$0.00,$0.00,$0.00,$0.00,$0.00,$0.00,$0.00,$0.00,$0.00,$0.00,$0.00,$0.00,$0.00,$0.00,$0.00,$0.00
Pottery,$0.00,$0.00,$0.00,$0.00,$0.00,$0.00,$0.00,$0.00,$0.00,$0.00,$0.00,$0.00,$0.00,$0.00,$0.00,$0.00,$0.00,$0.00,$0.00,$0.00,$0.00,$0.00,$0.00,$0.00,$0.00,$0.00,$0.00,$0.00,$0.00,$0.00,$0.00,$0.00,$0.00,$0.00,$0.00,$0.00,$0.00,$0.00,$0.00,$0.00,$0.00,$0.00,$0.00,$0.00,$0.00,$0.00,$0.00,$0.00,$0.00,$0.00,$0.00,$0.00,$0.00,$0.00,$0.00,$0.00,$0.00,$0.00,$0.00,$0.00,$0.00,$0.00,$0.00,$0.00,$0.00,$0.00,$0.00,$0.00,$0.00,$0.00,$0.00,$0.00,$0.00,$0.00,$0.00,$0.00,$0.00,$0.00,$0.00,$0.00,$0.00,$0.00,$0.00,$0.00,$0.00,$0.00,$0.00,$0.00,$0.00,$0.00,$0.00,$0.00,$0.00,$0.00,$0.00,$0.00,$0.00,$0.00,$0.00,$0.00,$0.00,$0.00,$0.00,$0.00,$0.00,$0.00,$0.00,$0.00,$0.00,$0.00,$0.00,$0.00,$0.00,$0.00,$0.00,$0.00,$0.00,$0.00,$0.00,$0.00,$0.00,$0.00,$0.00,$0.00,$0.00,$0.00,$0.00,$0.00,$0.00,$0.00,$0.00,$0.00,$0.00,$0.00,$0.00,$0.00,$0.00,$0.00,$0.00,$0.00,$0.00,$0.00,$0.00,$0.00,$0.00,$0.00,$0.00,$0.00,$0.00,$0.00,$0.00,$0.00,$0.00,$0.00,$0.00,$0.00,$0.00,$0.00,$0.00,$0.00,$0.00,$0.00,$0.00,$0.00,$0.00,$0.00,$0.00,$0.00,$0.00,$0.00,$0.00,$0.00,$0.00,$0.00,$0.00,$0.00,$0.00,$0.00,$0.00,$0.00,$0.00,$0.00,$0.00,$0.00,$0.00,$0.00,$0.00,$0.00,$0.00,$20.00,$0.00,$0.00,$0.00,$0.00,$0.00,$0.00,$50.00,$15.00,$15.00,$0.00,$20.00,$0.00,$0.00,$20.00,$0.00,$0.00,$0.00,$0.00,$0.00,$0.00,$0.00,$0.00,$0.00,$0.00,$0.00,$0.00,$0.00,$0.00,$0.00,$0.00,$15.00,$0.00,$0.00,$0.00,$0.00,$0.00,$0.00,$0.00,$0.00,$15.00,$20.00,$0.00,$0.00,$0.00,$0.00,$20.00,$0.00,$0.00,$0.00,$0.00,$0.00,$0.00,$0.00,$15.00,$0.00,$0.00,$0.00,$0.00,$0.00,$0.00,$0.00,$20.00,$0.00,$0.00,$20.00,$0.00,$0.00,$0.00,$0.00,$0.00,$0.00,$0.00,$0.00,$0.00,$0.00,$0.00,$0.00,$0.00,$0.00,$0.00,$0.00,$0.00,$0.00,$0.00,$0.00,$0.00,$0.00,$0.00,$0.00,$0.00,$0.00,$0.00,$25.00,$0.00,$0.00,$45.00,$85.00,$0.00,$0.00,$20.00,$0.00,$0.00,$0.00,$0.00,$0.00,$0.00,$0.00,$20.00,$0.00,$0.00,$0.00,$0.00,$0.00,$0.00,$0.00,$0.00,$0.00,$0.00,$0.00,$0.00,$0.00,$0.00,$0.00,$0.00,$0.00,$0.00,$0.00,$0.00,$0.00,$0.00,$80.00,$0.00,$0.00,$0.00,$50.00,$0.00,$15.00,$0.00,$0.00,$25.00,$0.00,$0.00,$0.00,$0.00,$25.00,$0.00,$0.00,$0.00,$25.00,$0.00,$0.00,$0.00,$0.00,$0.00,$0.00,$0.00,$0.00,$0.00,$0.00,$0.00,$0.00,$0.00,$0.00,$0.00,$0.00,$25.00,$0.00,$0.00,$0.00,$0.00,$0.00,$0.00,$0.00,$0.00,$0.00,$0.00,$0.00
Brew Bottled Drinks,$0.00,$0.00,$0.00,$0.00,$0.00,$0.00,$0.00,$0.00,$0.00,$0.00,$0.00,$0.00,$0.00,$0.00,$0.00,$0.00,$0.00,$0.00,$0.00,$0.00,$0.00,$0.00,$0.00,$0.00,$0.00,$0.00,$0.00,$0.00,$0.00,$0.00,$0.00,$0.00,$0.00,$0.00,$0.00,$0.00,$0.00,$0.00,$0.00,$0.00,$0.00,$0.00,$0.00,$0.00,$0.00,$0.00,$0.00,$0.00,$0.00,$0.00,$0.00,$0.00,$0.00,$0.00,$0.00,$0.00,$0.00,$0.00,$0.00,$0.00,$0.00,$0.00,$0.00,$0.00,$0.00,$0.00,$0.00,$0.00,$0.00,$0.00,$0.00,$0.00,$0.00,$0.00,$0.00,$0.00,$0.00,$0.00,$0.00,$0.00,$0.00,$0.00,$0.00,$0.00,$0.00,$0.00,$0.00,$0.00,$0.00,$0.00,$0.00,$0.00,$0.00,$0.00,$0.00,$0.00,$0.00,$0.00,$0.00,$0.00,$0.00,$0.00,$0.00,$0.00,$0.00,$0.00,$0.00,$0.00,$0.00,$0.00,$0.00,$0.00,$0.00,$0.00,$0.00,$0.00,$0.00,$0.00,$0.00,$0.00,$0.00,$0.00,$0.00,$0.00,$0.00,$0.00,$0.00,$0.00,$0.00,$0.00,$0.00,$0.00,$0.00,$0.00,$0.00,$0.00,$0.00,$0.00,$0.00,$0.00,$0.00,$0.00,$0.00,$0.00,$0.00,$0.00,$0.00,$0.00,$0.00,$0.00,$0.00,$0.00,$0.00,$0.00,$0.00,$0.00,$0.00,$0.00,$0.00,$0.00,$0.00,$0.00,$0.00,$0.00,$0.00,$0.00,$0.00,$0.00,$0.00,$0.00,$0.00,$0.00,$0.00,$0.00,$0.00,$0.00,$0.00,$0.00,$0.00,$0.00,$0.00,$0.00,$0.00,$0.00,$0.00,$0.00,$0.00,$0.00,$0.00,$0.00,$0.00,$0.00,$0.00,$17.20,$0.00,$0.00,$21.00,$15.60,$33.60,$19.60,$7.00,$9.80,$0.00,$0.00,$0.00,$0.00,$0.00,$7.00,$50.80,$14.00,$23.80,$0.00,$7.00,$0.00,$8.60,$0.00,$0.00,$0.00,$19.40,$8.60,$10.80,$0.00,$0.00,$0.00,$10.80,$0.00,$7.00,$0.00,$7.00,$7.00,$0.00,$0.00,$7.00,$10.80,$0.00,$0.00,$0.00,$0.00,$0.00,$0.00,$0.00,$0.00,$0.00,$0.00,$0.00,$28.00,$0.00,$8.60,$0.00,$14.00,$8.60,$14.00,$8.60,$15.60,$0.00,$8.60,$0.00,$21.00,$0.00,$14.00,$7.00,$0.00,$14.00,$7.00,$8.60,$8.60,$7.00,$0.00,$7.00,$17.20,$17.20,$0.00,$0.00,$0.00,$0.00,$0.00,$0.00,$0.00,$0.00,$0.00,$7.00,$24.20,$8.60,$15.60,$15.60,$24.20,$14.00,$15.60,$0.00,$31.20,$0.00,$22.60,$21.00,$7.00,$14.00,$7.00,$7.00,$7.00,$0.00,$0.00,$0.00,$7.00,$7.00,$0.00,$0.00,$17.20,$7.00,$0.00,$7.00,$0.00,$0.00,$0.00,$8.60,$7.00,$24.20,$8.60,$0.00,$0.00,$0.00,$0.00,$0.00,$7.00,$7.00,$8.60,$8.60,$0.00,$0.00,$0.00,$7.00,$0.00,$0.00,$7.00,$0.00,$0.00,$0.00,$7.00,$0.00,$7.00,$0.00,$14.00,$0.00,$15.60,$14.00,$0.00,$0.00,$0.00,$0.00,$0.00,$0.00,$0.00,$0.00,$0.00,$0.00,$0.00,$0.00,$0.00,$0.00,$0.00,$0.00,$0.00,$0.00,$0.00,$0.00,$0.00,$0.00,$0.00,$0.00
Event Booking Fees,$0.00,$0.00,$0.00,$0.00,$0.00,$0.00,$0.00,$0.00,$0.00,$0.00,$0.00,$0.00,$0.00,$0.00,$0.00,$0.00,$0.00,$0.00,$0.00,$0.00,$0.00,$0.00,$0.00,$0.00,$0.00,$0.00,$0.00,$0.00,$0.00,$0.00,$0.00,$0.00,$0.00,$0.00,$0.00,$0.00,$0.00,$0.00,$0.00,$0.00,$0.00,$0.00,$0.00,$0.00,$0.00,$0.00,$0.00,$0.00,$0.00,$0.00,$0.00,$0.00,$0.00,$0.00,$0.00,$0.00,$0.00,$0.00,$0.00,$0.00,$0.00,$0.00,$0.00,$0.00,$0.00,$0.00,$0.00,$0.00,$0.00,$0.00,$0.00,$0.00,$0.00,$0.00,$0.00,$0.00,$0.00,$0.00,$0.00,$0.00,$0.00,$0.00,$0.00,$0.00,$0.00,$0.00,$0.00,$0.00,$0.00,$0.00,$0.00,$0.00,$0.00,$0.00,$0.00,$0.00,$0.00,$0.00,$0.00,$0.00,$0.00,$0.00,$0.00,$0.00,$0.00,$0.00,$0.00,$0.00,$0.00,$0.00,$0.00,$0.00,$0.00,$0.00,$0.00,$0.00,$0.00,$0.00,$0.00,$0.00,$0.00,$0.00,$0.00,$0.00,$0.00,$0.00,$0.00,$0.00,$0.00,$0.00,$0.00,$0.00,$0.00,$0.00,$0.00,$0.00,$0.00,$0.00,$0.00,$0.00,$0.00,$0.00,$0.00,$0.00,$0.00,$0.00,$0.00,$0.00,$0.00,$0.00,$0.00,$0.00,$0.00,$0.00,$0.00,$0.00,$0.00,$0.00,$0.00,$0.00,$0.00,$0.00,$0.00,$0.00,$0.00,$0.00,$0.00,$0.00,$0.00,$0.00,$0.00,$0.00,$0.00,$0.00,$0.00,$0.00,$0.00,$0.00,$0.00,$0.00,$0.00,$0.00,$0.00,$0.00,$0.00,$0.00,$0.00,$0.00,$0.00,$0.00,$0.00,$0.00,$0.00,$0.00,$0.00,$0.00,$0.00,$0.00,$0.00,$0.00,$0.00,$0.00,$0.00,$0.00,$0.00,$0.00,$0.00,$240.00,$0.00,$0.00,$0.00,$0.00,$0.00,$0.00,$0.00,$0.00,$0.00,$0.00,$0.00,$0.00,$0.00,$0.00,$0.00,$0.00,$0.00,$0.00,$0.00,$0.00,$0.00,$0.00,$0.00,$0.00,$0.00,$0.00,$0.00,$0.00,$0.00,$0.00,$0.00,$0.00,$0.00,$0.00,$0.00,$0.00,$0.00,$0.00,$0.00,$0.00,$0.00,$0.00,$0.00,$0.00,$0.00,$0.00,$0.00,$0.00,$0.00,$0.00,$0.00,$0.00,$0.00,$0.00,$0.00,$0.00,$0.00,$0.00,$0.00,$0.00,$0.00,$0.00,$0.00,$0.00,$0.00,$0.00,$0.00,$0.00,$0.00,$0.00,$0.00,$0.00,$0.00,$0.00,$0.00,$0.00,$0.00,$0.00,$0.00,$0.00,$0.00,$0.00,$0.00,$0.00,$0.00,$0.00,$0.00,$0.00,$0.00,$0.00,$0.00,$0.00,$0.00,$0.00,$0.00,$0.00,$0.00,$0.00,$0.00,$0.00,$0.00,$0.00,$0.00,$0.00,$0.00,$0.00,$120.00,$0.00,$0.00,$0.00,$0.00,$0.00,$0.00,$0.00,$0.00,$0.00,$0.00,$0.00,$0.00,$0.00,$0.00,$0.00,$0.00,$0.00,$0.00,$0.00,$0.00,$0.00,$0.00,$0.00,$0.00,$0.00,$0.00,$0.00,$0.00,$0.00,$0.00,$0.00,$0.00,$0.00,$0.00,$0.00,$0.00,$0.00,$0.00,$0.00,$0.00,$0.00,$0.00,$0.00,$0.00,$0.00,$0.00,$0.00,$0.00,$0.00,$0.00,$0.00,$0.00
ACC,$0.00,$0.00,$0.00,$0.00,$0.00,$0.00,$0.00,$0.00,$0.00,$0.00,$0.00,$0.00,$0.00,$0.00,$0.00,$0.00,$0.00,$0.00,$0.00,$0.00,$0.00,$0.00,$0.00,$0.00,$0.00,$0.00,$0.00,$0.00,$0.00,$0.00,$0.00,$0.00,$0.00,$0.00,$0.00,$0.00,$0.00,$0.00,$0.00,$0.00,$0.00,$0.00,$0.00,$0.00,$0.00,$0.00,$0.00,$0.00,$0.00,$0.00,$0.00,$0.00,$0.00,$0.00,$0.00,$0.00,$0.00,$0.00,$0.00,$0.00,$0.00,$0.00,$0.00,$0.00,$0.00,$0.00,$0.00,$0.00,$0.00,$0.00,$0.00,$0.00,$0.00,$0.00,$0.00,$0.00,$0.00,$0.00,$0.00,$0.00,$0.00,$0.00,$0.00,$0.00,$0.00,$0.00,$0.00,$0.00,$0.00,$0.00,$0.00,$0.00,$0.00,$0.00,$0.00,$0.00,$0.00,$0.00,$0.00,$0.00,$0.00,$0.00,$0.00,$0.00,$0.00,$0.00,$0.00,$0.00,$0.00,$0.00,$0.00,$0.00,$0.00,$0.00,$0.00,$0.00,$0.00,$0.00,$0.00,$0.00,$0.00,$0.00,$0.00,$0.00,$0.00,$0.00,$0.00,$0.00,$0.00,$0.00,$0.00,$0.00,$0.00,$0.00,$0.00,$0.00,$0.00,$0.00,$0.00,$0.00,$0.00,$0.00,$0.00,$0.00,$0.00,$0.00,$0.00,$0.00,$0.00,$0.00,$0.00,$0.00,$0.00,$0.00,$0.00,$0.00,$0.00,$0.00,$0.00,$0.00,$0.00,$0.00,$0.00,$0.00,$0.00,$0.00,$0.00,$0.00,$0.00,$0.00,$0.00,$0.00,$0.00,$0.00,$0.00,$0.00,$0.00,$0.00,$0.00,$0.00,$0.00,$0.00,$0.00,$0.00,$0.00,$0.00,$0.00,$0.00,$0.00,$0.00,$0.00,$0.00,$0.00,$0.00,$0.00,$0.00,$0.00,$0.00,$0.00,$0.00,$0.00,$0.00,$0.00,$0.00,$0.00,$0.00,$0.00,$0.00,$0.00,$0.00,$0.00,$0.00,$0.00,$0.00,$0.00,$0.00,$0.00,$0.00,$0.00,$0.00,$0.00,$0.00,$0.00,$0.00,$0.00,$0.00,$0.00,$0.00,$0.00,$0.00,$0.00,$0.00,$0.00,$0.00,$0.00,$0.00,$0.00,$0.00,$0.00,$0.00,$0.00,$0.00,$0.00,$5.33,$0.00,$0.00,$0.00,$0.00,$15.99,$21.32,$10.66,$21.32,$0.00,$0.00,$0.00,$10.66,$0.00,$0.00,$5.33,$0.00,$5.33,$15.99,$0.00,$15.99,$0.00,$0.00,$0.00,$0.00,$0.00,$0.00,$0.00,$0.00,$0.00,$0.00,$0.00,$0.00,$0.00,$0.00,$5.33,$0.00,$5.33,$0.00,$0.00,$0.00,$0.00,$0.00,$0.00,$10.66,$0.00,$0.00,$0.00,$0.00,$0.00,$0.00,$0.00,$0.00,$0.00,$0.00,$0.00,$0.00,$0.00,$0.00,$0.00,$0.00,$0.00,$0.00,$0.00,$0.00,$0.00,$0.00,$0.00,$0.00,$0.00,$0.00,$0.00,$0.00,$0.00,$0.00,$0.00,$0.00,$0.00,$0.00,$0.00,$0.00,$0.00,$0.00,$0.00,$0.00,$0.00,$0.00,$0.00,$0.00,$0.00,$0.00,$0.00,$0.00,$0.00,$0.00,$0.00,$0.00,$0.00,$0.00,$0.00,$0.00,$0.00,$0.00,$0.00,$0.00,$0.00,$0.00,$0.00,$0.00,$0.00,$0.00,$0.00,$0.00,$0.00,$0.00,$0.00,$0.00,$0.00,$0.00,$0.00,$0.00,$0.00,$0.00,$0.00
Refreshers,$0.00,$0.00,$0.00,$0.00,$0.00,$0.00,$0.00,$0.00,$0.00,$0.00,$0.00,$0.00,$0.00,$0.00,$0.00,$0.00,$0.00,$0.00,$0.00,$0.00,$0.00,$0.00,$0.00,$0.00,$0.00,$0.00,$0.00,$0.00,$0.00,$0.00,$0.00,$0.00,$0.00,$0.00,$0.00,$0.00,$0.00,$0.00,$0.00,$0.00,$0.00,$0.00,$0.00,$0.00,$0.00,$0.00,$0.00,$0.00,$0.00,$0.00,$0.00,$0.00,$0.00,$0.00,$0.00,$0.00,$0.00,$0.00,$0.00,$0.00,$0.00,$0.00,$0.00,$0.00,$0.00,$0.00,$0.00,$0.00,$0.00,$0.00,$0.00,$0.00,$0.00,$0.00,$0.00,$0.00,$0.00,$0.00,$0.00,$0.00,$0.00,$0.00,$0.00,$0.00,$0.00,$0.00,$0.00,$0.00,$0.00,$0.00,$0.00,$0.00,$0.00,$0.00,$0.00,$0.00,$0.00,$0.00,$0.00,$0.00,$0.00,$0.00,$0.00,$0.00,$0.00,$0.00,$0.00,$0.00,$0.00,$0.00,$0.00,$0.00,$0.00,$0.00,$0.00,$0.00,$0.00,$0.00,$0.00,$0.00,$0.00,$0.00,$0.00,$0.00,$0.00,$0.00,$0.00,$0.00,$0.00,$0.00,$0.00,$0.00,$0.00,$0.00,$0.00,$0.00,$0.00,$0.00,$0.00,$0.00,$0.00,$0.00,$0.00,$0.00,$0.00,$0.00,$0.00,$0.00,$0.00,$0.00,$0.00,$0.00,$0.00,$0.00,$0.00,$0.00,$0.00,$0.00,$0.00,$0.00,$0.00,$0.00,$0.00,$0.00,$0.00,$0.00,$0.00,$0.00,$0.00,$0.00,$0.00,$0.00,$0.00,$0.00,$0.00,$0.00,$0.00,$0.00,$0.00,$0.00,$0.00,$0.00,$0.00,$0.00,$0.00,$0.00,$0.00,$0.00,$0.00,$0.00,$0.00,$0.00,$0.00,$0.00,$0.00,$0.00,$0.00,$0.00,$0.00,$0.00,$0.00,$0.00,$0.00,$0.00,$0.00,$0.00,$0.00,$0.00,$0.00,$0.00,$0.00,$0.00,$0.00,$0.00,$0.00,$0.00,$0.00,$0.00,$0.00,$0.00,$0.00,$0.00,$0.00,$0.00,$0.00,$0.00,$0.00,$0.00,$0.00,$0.00,$0.00,$0.00,$0.00,$0.00,$0.00,$0.00,$0.00,$0.00,$0.00,$0.00,$0.00,$0.00,$0.00,$0.00,$0.00,$0.00,$0.00,$0.00,$0.00,$0.00,$0.00,$0.00,$16.32,$111.09,$57.76,$98.70,$80.76,$107.55,$131.46,$97.08,$92.85,$82.53,$77.03,$74.08,$110.29,$52.38,$22.32,$30.24,$67.64,$79.70,$34.38,$84.96,$80.70,$18.00,$0.00,$0.00,$0.00,$91.52,$161.02,$46.38,$46.97,$57.32,$128.07,$97.52,$67.70,$53.53,$104.35,$57.82,$5.50,$35.53,$34.88,$83.50,$152.75,$127.79,$70.47,$52.88,$33.82,$22.44,$54.24,$93.56,$122.73,$28.88,$64.41,$16.44,$29.50,$56.14,$57.76,$51.76,$11.44,$17.44,$40.32,$51.88,$47.44,$34.32,$67.02,$18.65,$28.32,$12.15,$24.09,$30.09,$43.58,$44.64,$24.09,$33.88,$29.00,$6.00,$0.00,$17.50,$17.50,$0.00,$6.00,$5.50,$6.00,$0.00,$0.00,$6.00,$0.00,$11.00,$16.94,$10.94,$22.50,$49.70,$50.97,$34.44,$67.44,$38.44,$5.50,$23.44,$34.44,$11.44,$70.18,$35.65,$24.15,$5.44,$0.00,$5.44,$0.00,$0.00,$0.00,$0.00,$0.00,$0.00,$0.00,$0.00,$0.00,$0.00,$0.00
Spooky Szn,$0.00,$0.00,$0.00,$0.00,$0.00,$0.00,$0.00,$0.00,$0.00,$0.00,$0.00,$0.00,$0.00,$0.00,$0.00,$0.00,$0.00,$0.00,$0.00,$0.00,$0.00,$0.00,$0.00,$0.00,$0.00,$0.00,$0.00,$0.00,$0.00,$0.00,$0.00,$0.00,$0.00,$0.00,$0.00,$0.00,$0.00,$0.00,$0.00,$0.00,$0.00,$0.00,$0.00,$0.00,$0.00,$0.00,$0.00,$0.00,$0.00,$0.00,$0.00,$0.00,$0.00,$0.00,$0.00,$0.00,$0.00,$0.00,$0.00,$0.00,$0.00,$0.00,$0.00,$0.00,$0.00,$0.00,$0.00,$0.00,$0.00,$0.00,$0.00,$0.00,$0.00,$0.00,$0.00,$0.00,$0.00,$0.00,$0.00,$0.00,$0.00,$0.00,$0.00,$0.00,$0.00,$0.00,$0.00,$0.00,$0.00,$0.00,$0.00,$0.00,$0.00,$0.00,$0.00,$0.00,$0.00,$0.00,$0.00,$0.00,$0.00,$0.00,$0.00,$0.00,$0.00,$0.00,$0.00,$0.00,$0.00,$0.00,$0.00,$0.00,$0.00,$0.00,$0.00,$0.00,$0.00,$0.00,$0.00,$0.00,$0.00,$0.00,$0.00,$0.00,$0.00,$0.00,$0.00,$0.00,$0.00,$0.00,$0.00,$0.00,$0.00,$0.00,$0.00,$0.00,$0.00,$0.00,$0.00,$0.00,$0.00,$0.00,$0.00,$0.00,$0.00,$0.00,$0.00,$0.00,$0.00,$0.00,$0.00,$0.00,$0.00,$0.00,$0.00,$0.00,$0.00,$0.00,$0.00,$0.00,$0.00,$0.00,$0.00,$0.00,$0.00,$0.00,$0.00,$0.00,$0.00,$0.00,$0.00,$0.00,$0.00,$0.00,$0.00,$0.00,$0.00,$0.00,$0.00,$0.00,$0.00,$0.00,$0.00,$0.00,$0.00,$0.00,$0.00,$0.00,$0.00,$0.00,$0.00,$0.00,$0.00,$0.00,$0.00,$0.00,$0.00,$0.00,$0.00,$0.00,$0.00,$0.00,$0.00,$0.00,$0.00,$0.00,$0.00,$0.00,$0.00,$0.00,$0.00,$0.00,$0.00,$0.00,$0.00,$0.00,$0.00,$0.00,$0.00,$0.00,$0.00,$0.00,$0.00,$0.00,$0.00,$0.00,$0.00,$0.00,$0.00,$0.00,$0.00,$0.00,$0.00,$0.00,$0.00,$0.00,$0.00,$0.00,$0.00,$0.00,$0.00,$0.00,$0.00,$0.00,$0.00,$0.00,$0.00,$0.00,$0.00,$0.00,$0.00,$0.00,$0.00,$0.00,$0.00,$0.00,$0.00,$0.00,$0.00,$0.00,$0.00,$0.00,$0.00,$0.00,$0.00,$0.00,$0.00,$0.00,$0.00,$0.00,$0.00,$0.00,$0.00,$0.00,$0.00,$0.00,$0.00,$0.00,$14.45,$80.85,$53.70,$65.95,$221.60,$76.15,$56.00,$21.15,$47.75,$14.60,$19.90,$31.90,$60.90,$12.70,$19.40,$19.40,$0.00,$35.60,$13.20,$6.00,$0.00,$38.10,$0.00,$13.40,$20.45,$0.00,$14.10,$7.75,$44.10,$40.30,$7.20,$0.00,$0.00,$0.00,$0.00,$0.00,$0.00,$0.00,$0.00,$0.00,$0.00,$0.00,$0.00,$7.75,$0.00,$0.00,$0.00,$7.75,$0.00,$0.00,$0.00,$0.00,$0.00,$0.00,$0.00,$0.00,$0.00,$0.00,$0.00,$0.00,$0.00,$0.00,$0.00,$0.00,$0.00,$0.00,$0.00,$0.00,$0.00,$0.00,$0.00,$0.00,$0.00,$0.00,$0.00,$0.00,$0.00,$0.00,$0.00,$0.00,$0.00,$0.00,$0.00,$0.00,$0.00,$0.00,$0.00,$0.00,$0.00
Framed,$0.00,$0.00,$0.00,$0.00,$0.00,$0.00,$0.00,$0.00,$0.00,$0.00,$0.00,$0.00,$0.00,$0.00,$0.00,$0.00,$0.00,$0.00,$0.00,$0.00,$0.00,$0.00,$0.00,$0.00,$0.00,$0.00,$0.00,$0.00,$0.00,$0.00,$0.00,$0.00,$0.00,$0.00,$0.00,$0.00,$0.00,$0.00,$0.00,$0.00,$0.00,$0.00,$0.00,$0.00,$0.00,$0.00,$0.00,$0.00,$0.00,$0.00,$0.00,$0.00,$0.00,$0.00,$0.00,$0.00,$0.00,$0.00,$0.00,$0.00,$0.00,$0.00,$0.00,$0.00,$0.00,$0.00,$0.00,$0.00,$0.00,$0.00,$0.00,$0.00,$0.00,$0.00,$0.00,$0.00,$0.00,$0.00,$0.00,$0.00,$0.00,$0.00,$0.00,$0.00,$0.00,$0.00,$0.00,$0.00,$0.00,$0.00,$0.00,$0.00,$0.00,$0.00,$0.00,$0.00,$0.00,$0.00,$0.00,$0.00,$0.00,$0.00,$0.00,$0.00,$0.00,$0.00,$0.00,$0.00,$0.00,$0.00,$0.00,$0.00,$0.00,$0.00,$0.00,$0.00,$0.00,$0.00,$0.00,$0.00,$0.00,$0.00,$0.00,$0.00,$0.00,$0.00,$0.00,$0.00,$0.00,$0.00,$0.00,$0.00,$0.00,$0.00,$0.00,$0.00,$0.00,$0.00,$0.00,$0.00,$0.00,$0.00,$0.00,$0.00,$0.00,$0.00,$0.00,$0.00,$0.00,$0.00,$0.00,$0.00,$0.00,$0.00,$0.00,$0.00,$0.00,$0.00,$0.00,$0.00,$0.00,$0.00,$0.00,$0.00,$0.00,$0.00,$0.00,$0.00,$0.00,$0.00,$0.00,$0.00,$0.00,$0.00,$0.00,$0.00,$0.00,$0.00,$0.00,$0.00,$0.00,$0.00,$0.00,$0.00,$0.00,$0.00,$0.00,$0.00,$0.00,$0.00,$0.00,$0.00,$0.00,$0.00,$0.00,$0.00,$0.00,$0.00,$0.00,$0.00,$0.00,$0.00,$0.00,$0.00,$0.00,$0.00,$0.00,$0.00,$0.00,$0.00,$0.00,$0.00,$0.00,$0.00,$0.00,$0.00,$0.00,$0.00,$0.00,$0.00,$0.00,$0.00,$0.00,$0.00,$0.00,$0.00,$0.00,$0.00,$0.00,$0.00,$0.00,$0.00,$0.00,$0.00,$0.00,$0.00,$0.00,$0.00,$0.00,$0.00,$0.00,$0.00,$0.00,$0.00,$0.00,$0.00,$0.00,$0.00,$0.00,$0.00,$0.00,$0.00,$0.00,$0.00,$0.00,$0.00,$0.00,$0.00,$0.00,$0.00,$0.00,$0.00,$0.00,$0.00,$0.00,$0.00,$0.00,$0.00,$0.00,$0.00,$0.00,$0.00,$0.00,$0.00,$0.00,$0.00,$0.00,$0.00,$0.00,$0.00,$0.00,$0.00,$0.00,$0.00,$0.00,$0.00,$0.00,$0.00,$0.00,$0.00,$0.00,$0.00,$0.00,$0.00,$0.00,$0.00,$0.00,$0.00,$0.00,$0.00,$0.00,$0.00,$0.00,$0.00,$0.00,$0.00,$0.00,$0.00,$0.00,$0.00,$0.00,$0.00,$0.00,$0.00,$0.00,$0.00,$0.00,$0.00,$0.00,$0.00,$0.00,$0.00,$0.00,$0.00,$0.00,$0.00,$0.00,$0.00,$0.00,$0.00,$0.00,$0.00,$0.00,$0.00,$0.00,$0.00,$0.00,$0.00,$0.00,$0.00,$0.00,$0.00,$17.00,$10.00,$0.00,$0.00,$0.00,$0.00,$0.00,$0.00,$0.00,$0.00,$0.00,$0.00,$0.00,$0.00,$0.00,$0.00,$0.00,$0.00,$0.00,$0.00,$0.00,$0.00,$0.00,$0.00,$0.00
Etsy Cards,$0.00,$0.00,$0.00,$0.00,$0.00,$0.00,$0.00,$0.00,$0.00,$0.00,$0.00,$0.00,$0.00,$0.00,$0.00,$0.00,$0.00,$0.00,$0.00,$0.00,$0.00,$0.00,$0.00,$0.00,$0.00,$0.00,$0.00,$0.00,$0.00,$0.00,$0.00,$0.00,$0.00,$0.00,$0.00,$0.00,$0.00,$0.00,$0.00,$0.00,$0.00,$0.00,$0.00,$0.00,$0.00,$0.00,$0.00,$0.00,$0.00,$0.00,$0.00,$0.00,$0.00,$0.00,$0.00,$0.00,$0.00,$0.00,$0.00,$0.00,$0.00,$0.00,$0.00,$0.00,$0.00,$0.00,$0.00,$0.00,$0.00,$0.00,$0.00,$0.00,$0.00,$0.00,$0.00,$0.00,$0.00,$0.00,$0.00,$0.00,$0.00,$0.00,$0.00,$0.00,$0.00,$0.00,$0.00,$0.00,$0.00,$0.00,$0.00,$0.00,$0.00,$0.00,$0.00,$0.00,$0.00,$0.00,$0.00,$0.00,$0.00,$0.00,$0.00,$0.00,$0.00,$0.00,$0.00,$0.00,$0.00,$0.00,$0.00,$0.00,$0.00,$0.00,$0.00,$0.00,$0.00,$0.00,$0.00,$0.00,$0.00,$0.00,$0.00,$0.00,$0.00,$0.00,$0.00,$0.00,$0.00,$0.00,$0.00,$0.00,$0.00,$0.00,$0.00,$0.00,$0.00,$0.00,$0.00,$0.00,$0.00,$0.00,$0.00,$0.00,$0.00,$0.00,$0.00,$0.00,$0.00,$0.00,$0.00,$0.00,$0.00,$0.00,$0.00,$0.00,$0.00,$0.00,$0.00,$0.00,$0.00,$0.00,$0.00,$0.00,$0.00,$0.00,$0.00,$0.00,$0.00,$0.00,$0.00,$0.00,$0.00,$0.00,$0.00,$0.00,$0.00,$0.00,$0.00,$0.00,$0.00,$0.00,$0.00,$0.00,$0.00,$0.00,$0.00,$0.00,$0.00,$0.00,$0.00,$0.00,$0.00,$0.00,$0.00,$0.00,$0.00,$0.00,$0.00,$0.00,$0.00,$0.00,$0.00,$0.00,$0.00,$0.00,$0.00,$0.00,$0.00,$0.00,$0.00,$0.00,$0.00,$0.00,$0.00,$0.00,$0.00,$0.00,$0.00,$0.00,$0.00,$0.00,$0.00,$0.00,$0.00,$0.00,$0.00,$0.00,$0.00,$0.00,$0.00,$0.00,$0.00,$0.00,$0.00,$0.00,$0.00,$0.00,$0.00,$0.00,$0.00,$0.00,$0.00,$0.00,$0.00,$0.00,$0.00,$0.00,$0.00,$0.00,$0.00,$0.00,$0.00,$0.00,$0.00,$0.00,$0.00,$0.00,$0.00,$0.00,$0.00,$0.00,$0.00,$0.00,$0.00,$0.00,$0.00,$0.00,$0.00,$0.00,$0.00,$0.00,$0.00,$0.00,$0.00,$0.00,$0.00,$0.00,$0.00,$0.00,$0.00,$0.00,$0.00,$0.00,$0.00,$0.00,$0.00,$0.00,$0.00,$0.00,$0.00,$0.00,$0.00,$0.00,$0.00,$0.00,$0.00,$0.00,$0.00,$0.00,$0.00,$0.00,$0.00,$0.00,$0.00,$0.00,$0.00,$0.00,$0.00,$0.00,$0.00,$0.00,$0.00,$0.00,$0.00,$0.00,$0.00,$0.00,$0.00,$0.00,$0.00,$0.00,$0.00,$0.00,$0.00,$0.00,$0.00,$0.00,$0.00,$0.00,$0.00,$0.00,$0.00,$0.00,$0.00,$0.00,$0.00,$0.00,$0.00,$0.00,$0.00,$0.00,$0.00,$6.00,$0.00,$0.00,$0.00,$0.00,$0.00,$0.00,$0.00,$0.00,$0.00,$0.00,$0.00,$0.00,$0.00,$0.00,$0.00,$0.00,$0.00,$0.00,$0.00,$0.00,$0.00,$0.00,$0.00
Loopy Dopamine,$0.00,$0.00,$0.00,$0.00,$0.00,$0.00,$0.00,$0.00,$0.00,$0.00,$0.00,$0.00,$0.00,$0.00,$0.00,$0.00,$0.00,$0.00,$0.00,$0.00,$0.00,$0.00,$0.00,$0.00,$0.00,$0.00,$0.00,$0.00,$0.00,$0.00,$0.00,$0.00,$0.00,$0.00,$0.00,$0.00,$0.00,$0.00,$0.00,$0.00,$0.00,$0.00,$0.00,$0.00,$0.00,$0.00,$0.00,$0.00,$0.00,$0.00,$0.00,$0.00,$0.00,$0.00,$0.00,$0.00,$0.00,$0.00,$0.00,$0.00,$0.00,$0.00,$0.00,$0.00,$0.00,$0.00,$0.00,$0.00,$0.00,$0.00,$0.00,$0.00,$0.00,$0.00,$0.00,$0.00,$0.00,$0.00,$0.00,$0.00,$0.00,$0.00,$0.00,$0.00,$0.00,$0.00,$0.00,$0.00,$0.00,$0.00,$0.00,$0.00,$0.00,$0.00,$0.00,$0.00,$0.00,$0.00,$0.00,$0.00,$0.00,$0.00,$0.00,$0.00,$0.00,$0.00,$0.00,$0.00,$0.00,$0.00,$0.00,$0.00,$0.00,$0.00,$0.00,$0.00,$0.00,$0.00,$0.00,$0.00,$0.00,$0.00,$0.00,$0.00,$0.00,$0.00,$0.00,$0.00,$0.00,$0.00,$0.00,$0.00,$0.00,$0.00,$0.00,$0.00,$0.00,$0.00,$0.00,$0.00,$0.00,$0.00,$0.00,$0.00,$0.00,$0.00,$0.00,$0.00,$0.00,$0.00,$0.00,$0.00,$0.00,$0.00,$0.00,$0.00,$0.00,$0.00,$0.00,$0.00,$0.00,$0.00,$0.00,$0.00,$0.00,$0.00,$0.00,$0.00,$0.00,$0.00,$0.00,$0.00,$0.00,$0.00,$0.00,$0.00,$0.00,$0.00,$0.00,$0.00,$0.00,$0.00,$0.00,$0.00,$0.00,$0.00,$0.00,$0.00,$0.00,$0.00,$0.00,$0.00,$0.00,$0.00,$0.00,$0.00,$0.00,$0.00,$0.00,$0.00,$0.00,$0.00,$0.00,$0.00,$0.00,$0.00,$0.00,$0.00,$0.00,$0.00,$0.00,$0.00,$0.00,$0.00,$0.00,$0.00,$0.00,$0.00,$0.00,$0.00,$0.00,$0.00,$0.00,$0.00,$0.00,$0.00,$0.00,$0.00,$0.00,$0.00,$0.00,$0.00,$0.00,$0.00,$0.00,$0.00,$0.00,$0.00,$0.00,$0.00,$0.00,$0.00,$0.00,$0.00,$0.00,$0.00,$0.00,$0.00,$0.00,$0.00,$0.00,$0.00,$0.00,$0.00,$0.00,$0.00,$0.00,$0.00,$0.00,$0.00,$0.00,$0.00,$0.00,$0.00,$0.00,$0.00,$0.00,$0.00,$0.00,$0.00,$0.00,$0.00,$0.00,$0.00,$0.00,$0.00,$0.00,$0.00,$0.00,$0.00,$0.00,$0.00,$0.00,$0.00,$0.00,$0.00,$0.00,$0.00,$0.00,$0.00,$0.00,$0.00,$0.00,$0.00,$0.00,$0.00,$0.00,$0.00,$0.00,$0.00,$0.00,$0.00,$0.00,$0.00,$0.00,$0.00,$0.00,$0.00,$0.00,$0.00,$0.00,$0.00,$0.00,$0.00,$0.00,$0.00,$0.00,$0.00,$0.00,$0.00,$0.00,$0.00,$0.00,$0.00,$0.00,$0.00,$0.00,$0.00,$0.00,$0.00,$0.00,$0.00,$0.00,$0.00,$0.00,$0.00,$0.00,$0.00,$0.00,$0.00,$0.00,$0.00,$0.00,$0.00,$10.00,$0.00,$10.00,$0.00,$42.00,$0.00,$0.00,$0.00,$0.00,$0.00,$0.00,$0.00,$0.00,$0.00,$0.00,$0.00,$0.00,$0.00,$0.00,$0.00,$0.00,$0.00,$0.00
Chen's Crochet,$0.00,$0.00,$0.00,$0.00,$0.00,$0.00,$0.00,$0.00,$0.00,$0.00,$0.00,$0.00,$0.00,$0.00,$0.00,$0.00,$0.00,$0.00,$0.00,$0.00,$0.00,$0.00,$0.00,$0.00,$0.00,$0.00,$0.00,$0.00,$0.00,$0.00,$0.00,$0.00,$0.00,$0.00,$0.00,$0.00,$0.00,$0.00,$0.00,$0.00,$0.00,$0.00,$0.00,$0.00,$0.00,$0.00,$0.00,$0.00,$0.00,$0.00,$0.00,$0.00,$0.00,$0.00,$0.00,$0.00,$0.00,$0.00,$0.00,$0.00,$0.00,$0.00,$0.00,$0.00,$0.00,$0.00,$0.00,$0.00,$0.00,$0.00,$0.00,$0.00,$0.00,$0.00,$0.00,$0.00,$0.00,$0.00,$0.00,$0.00,$0.00,$0.00,$0.00,$0.00,$0.00,$0.00,$0.00,$0.00,$0.00,$0.00,$0.00,$0.00,$0.00,$0.00,$0.00,$0.00,$0.00,$0.00,$0.00,$0.00,$0.00,$0.00,$0.00,$0.00,$0.00,$0.00,$0.00,$0.00,$0.00,$0.00,$0.00,$0.00,$0.00,$0.00,$0.00,$0.00,$0.00,$0.00,$0.00,$0.00,$0.00,$0.00,$0.00,$0.00,$0.00,$0.00,$0.00,$0.00,$0.00,$0.00,$0.00,$0.00,$0.00,$0.00,$0.00,$0.00,$0.00,$0.00,$0.00,$0.00,$0.00,$0.00,$0.00,$0.00,$0.00,$0.00,$0.00,$0.00,$0.00,$0.00,$0.00,$0.00,$0.00,$0.00,$0.00,$0.00,$0.00,$0.00,$0.00,$0.00,$0.00,$0.00,$0.00,$0.00,$0.00,$0.00,$0.00,$0.00,$0.00,$0.00,$0.00,$0.00,$0.00,$0.00,$0.00,$0.00,$0.00,$0.00,$0.00,$0.00,$0.00,$0.00,$0.00,$0.00,$0.00,$0.00,$0.00,$0.00,$0.00,$0.00,$0.00,$0.00,$0.00,$0.00,$0.00,$0.00,$0.00,$0.00,$0.00,$0.00,$0.00,$0.00,$0.00,$0.00,$0.00,$0.00,$0.00,$0.00,$0.00,$0.00,$0.00,$0.00,$0.00,$0.00,$0.00,$0.00,$0.00,$0.00,$0.00,$0.00,$0.00,$0.00,$0.00,$0.00,$0.00,$0.00,$0.00,$0.00,$0.00,$0.00,$0.00,$0.00,$0.00,$0.00,$0.00,$0.00,$0.00,$0.00,$0.00,$0.00,$0.00,$0.00,$0.00,$0.00,$0.00,$0.00,$0.00,$0.00,$0.00,$0.00,$0.00,$0.00,$0.00,$0.00,$0.00,$0.00,$0.00,$0.00,$0.00,$0.00,$0.00,$0.00,$0.00,$0.00,$0.00,$0.00,$0.00,$0.00,$0.00,$0.00,$0.00,$0.00,$0.00,$0.00,$0.00,$0.00,$0.00,$0.00,$0.00,$0.00,$0.00,$0.00,$0.00,$0.00,$0.00,$0.00,$0.00,$0.00,$0.00,$0.00,$0.00,$0.00,$0.00,$0.00,$0.00,$0.00,$0.00,$0.00,$0.00,$0.00,$0.00,$0.00,$0.00,$0.00,$0.00,$0.00,$0.00,$0.00,$0.00,$0.00,$0.00,$0.00,$0.00,$0.00,$0.00,$0.00,$0.00,$0.00,$0.00,$0.00,$0.00,$0.00,$0.00,$0.00,$0.00,$0.00,$0.00,$0.00,$0.00,$0.00,$0.00,$0.00,$0.00,$0.00,$0.00,$0.00,$0.00,$0.00,$0.00,$0.00,$0.00,$0.00,$0.00,$0.00,$0.00,$0.00,$23.00,$0.00,$34.00,$0.00,$0.00,$0.00,$0.00,$0.00,$0.00,$36.00,$0.00,$0.00,$0.00,$0.00,$0.00,$0.00,$0.00,$0.00,$0.00,$0.00,$0.00
